3134 4909
595 263 929 400 ιιοιειιοειικα
1247 318 1321 391 τοο

217 496 342 562 λ’καστον
367 491 400 558 ἐκ
423 499 476 558 τοῦ
495 493 652 580 συνεδρίου
669 488 775 578 ἣριότα
791 490 827 558 τό
844 495 966 576 πλῆθος
978 488 1080 558 dnae
1096 490 1194 560 αάτοό
1209 491 1321 560 ἀνῖαι·
1337 512 1374 567 w
1393 511 1419 566 11
1437 513 1471 568 ει

215 609 329 684 ρεῖταε·
351 599 400 661 καί
417 595 507 676 οὕτω,
523 598 566 680 μὴ
585 597 779 682 δυνηθέντων
794 595 895 662 αότῶν
911 593 1033 682 ἕτίρους
1050 596 1095 660 δι’
1111 596 1214 684 ὀλίγον
1227 598 1322 663 ἀνθε-

213 703 341 777 λίσθαι,
377 697 493 776 πάντας
514 702 643 776 ἐκείνους
667 695 709 776 ὡς
735 698 916 784 ἀναγκαίους
938 698 1049 787 ἀφῆκε.
1098 703 1150 765 καλ
1166 707 1322 768 καταλλα-

213 806 312 890 γίντες
328 799 468 886 ἀλλήλοις
485 805 659 871 ἐσπείσαντο
676 809 719 890 τῷ
732 802 864 892 Ἀννίβᾳ.
915 805 965 866 καὶ
990 800 1025 879 ὃς
1041 800 1094 867 διά
1110 805 1225 887 ταχέων
1241 805 1323 870 ἀπα-

190 908 330 982 5ναστάς
346 907 378 971 ἐκ
394 913 449 990 τῆς
465 906 647 983 Νεαπόλειος
662 897 759 986 ἦλθεν
777 909 820 984 είς
835 905 892 989 τὴν
911 901 1057 989 Καταίην,
1083 909 1132 971 καῖ
1152 909 1325 992 διαλεχθεὶς

216 1010 319 1087 αὐτοῖς
344 1007 423 1074 ἀλλα
441 1035 472 1075 τε
490 1009 587 1076 πολλά
604 1007 684 1076 είπεν
704 1006 867 1094 ἐπαγωγά,
904 1012 953 1074 καί
976 1008 1032 1091 τὴν
1053 1005 1214 1094 ἠγεμονίαν
1237 1014 1325 1098 σφίσι
1344 1026 1366 1080 1²
1383 1026 1466 1080 1421

215 1121 271 1197 τῆς
285 1114 415 1189 Ἰταλίας
431 1110 537 1179 όεόσειν
552 1112 708 1194 όπίσχετο,
730 1112 778 1176 ‘s'v’
796 1113 828 1177 ἐν
846 1113 943 1178 ἐλπίσι
959 1109 1170 1197 γενόμενατοῖς
1185 1115 1237 1179 καλ
1253 1113 1326 1180 ἐαυ-

216 1227 280 1293 τοῖς
295 1213 476 1298 πονήσαντες
492 1213 731 1302 προθυμότερον
752 1215 968 1300 ἀγωνίσωνται.

320 1317 529 1403 Μεταστάσης
546 1319 579 1384 tl
594 1325 649 1400 τῆς
662 1313 792 1401 Καπόης
802 1315 884 1401 καὶὴ
899 1317 978 1402 ἀλλη
990 1319 1160 1400 Καμπανία
1172 1319 1325 1404 κεκίνητο·

177 1424 269 1492 1οκαί
293 1421 322 1487 οἱ
343 1419 487 1504 Ῥωμαῖοι
511 1422 567 1504 τὴν
589 1417 757 1486 ἀπόστασιν
781 1419 875 1501 αὐτῆς
891 1421 1045 1502 μαθόντες
1060 1420 1207 1505 ἤχθοντο.
1258 1420 1326 1508 ὅγε

216 1527 278 1610 μὴν
290 1526 427 1607 Ἀννίβας
443 1526 490 1589 ἐπὶ
508 1525 711 1610 Νουκερίνους
728 1520 934 1608 ἐστράτευσεν.
985 1525 1015 1588 οῖ
1030 1526 1065 1588 δέ
1081 1522 1329 1612 πολιορκοόμενοι

216 1629 272 1713 τὴν
298 1628 448 1714 ἄχρηστον
473 1635 561 1716 σφῶν
584 1623 703 1710 ἡλικίαν
726 1623 841 1715 ἀπορίη
865 1631 991 1712 τροφῶν
1012 1624 1195 1731 ἐξεαίσαντογ
1234 1625 1327 1708 origi

213 1733 366 1814 Ἀννίβας
391 1731 427 1796 οὗ
454 1729 647 1815 προσήκατο,
675 1727 754 1793 ἀλλὰ
777 1731 827 1793 καλ
854 1731 897 1806 είς
919 1727 975 1812 τὴν
990 1726 1079 1793 πόλιν
1095 1730 1217 1798 ἀπιοῦσι
1233 1728 1329 1813 μόνον

220 1833 391 1921 ἀσφάλειαν
407 1833 510 1899 ῖιλωκε.
561 1831 609 1899 διό
634 1834 684 1896 καί
706 1830 735 1897 οἳ
753 1833 850 1896 λοιποὶ
866 1833 949 1913 μεθ’
968 1830 1036 1908 ἐνὸς
1051 1831 1172 1914 ἱματίου
1190 1836 1329 1921 ἐκχωρῆ-

64 1947 68 1960 “
179 1951 276 2005 loeas
299 1943 356 2002 τοῦ
379 1933 487 2016 ἀστεος
510 1931 719 2020 ὡμολόγησαν.
769 1937 832 2000 ἐπεί
856 1934 892 2000 δ’
911 1935 1058 2021 ἐγκρατὴς
1080 1935 1181 2001 αάτιῖιν
1202 1939 1328 2022 ἐγίνετο,

219 2043 292 2118 τοὺς
310 2041 369 2124 ,μέν
387 2039 554 2121 βουλευτάς
577 2041 608 2118 ἐς
629 2043 776 2121 βαλανεῖα
799 2041 998 2116 κατακλείσας
1020 2039 1179 2117 ἀπέπνιξε,
1204 2050 1268 2120 τοῖς
1290 2041 1368 2106 δἸλ

220 2143 325 2220 ἀλλοις
341 2143 484 2210 ἀπελθεῖν
502 2142 592 2210 εἰπεῖν
613 2140 673 2225 dnn
690 2139 866 2223 βοόλοιντο,
891 2142 1024 2219 πολλοὺς
1039 2145 1071 2208 ἐν
1087 2149 1126 2229 τῇ
1148 2140 1212 2231 όδρῖ
1228 2145 1330 2209 κάκεί-

174 2235 176 2242 ,
220 2273 280 2314 νων
302 2245 455 2335 ἐφόνευσε.
506 2249 611 2331 συχνοὶ
638 2245 673 2311 d’
699 2237 752 2310 σόν
778 2244 880 2311 αὐτῶν
902 2250 953 2311 καί
978 2247 1179 2331 περιεγίνοντο
1197 2249 1239 2322 είς
1254 2245 1331 2324 όλας

221 2347 515 2434 προκαταφυγόντες.
564 2351 596 2414 ἐκ
622 2346 730 2413 τοότου
755 2349 789 2412 δὲ
811 2348 841 2412 οἱ
865 2352 964 2414 λοιπσλ
983 2348 1172 2436 φοβηθίντες
1188 2347 1225 2412 od
1242 2349 1332 2415 συνί-

182 2459 331 2531 λθβαινον
355 2449 399 2514 ἐτι
423 2453 506 2538 αάτρλ
515 2499 526 2530 ,
547 2452 616 2539 ἀλλ’
637 2450 772 2528 ἀντεῖχον
791 2449 847 2524 ῖιυς
862 2449 1022 2529 η’δόναντο.
1074 2451 1124 2512 καὶ
1140 2447 1171 2513 οἱ
1186 2435 1332 2516 Νωλανολ

223 2548 438 2634 βουλευόμενοι
450 2558 666 2638 προσχωρῆσαι
681 2549 774 2637 αὐτῷ,
787 2549 850 2614 ἐπεὶ
860 2549 895 2615 τό
905 2554 947 2627 είς
956 2554 1085 2627 ἐκείνους
1093 2547 1174 2616 eidos
1182 2553 1333 2637 πραχθέν,

224 2651 410 2740 ἐπηγάγοντο
426 2651 600 2742 λάθρατὸν
608 2650 804 2740 Μάρκελλον,
823 2654 875 2717 καί
892 2655 945 2720 τόν
954 2654 1105 2737 Ἀννίβαν
1117 2653 1332 2743 προσβαλόντα

294 2843 492 2912 isiodorensis
507 2848 530 2902 Α
548 2855 586 2916 et,
603 2855 634 2902 ut
649 2847 762 2916 videtur,
781 2847 818 2901 0:
834 2847 895 2902 Pw
910 2842 1077 2911 ἐπαναστάς.
1153 2877 1157 2887 =
1207 2853 1280 2908 ὅπα

292 2935 389 2981 σοντες
404 2918 485 2986 ABG,
502 2915 673 2988 πονήσαντες
690 2918 758 2975 PW.
831 2915 834 2923 '
875 2916 909 2972 14
926 2912 973 2972 διό
989 2917 1038 2972 καί
1056 2915 1086 2971 ol
1097 2950 1134 2964 -
1150 2919 1185 2976 20
1202 2915 1337 2990 incide*

293 3005 379 3043 ναντο
396 2988 489 3043 Dionis
507 2995 658 3059 excerptum
674 2986 868 3042 Peireseiauun
885 2989 929 3046 50.
1032 2988 1066 3044 17
1084 2985 1150 3044 ὅπου
1166 2991 1261 3046 Dionis
1272 3009 1331 3050 ext.

294 3057 327 3114 19
343 3053 552 3126 καταφυγόντες
567 3057 602 3112 A.
1094 3075 1098 3079 ’

226 3229 337 3298 regebat
361 3245 488 3298 quosnam
509 3227 612 3283 illorum
634 3231 692 3284 loeo
715 3235 852 3297 uresrest3
879 3237 908 3284 et
930 3245 988 3282 αοα
1014 3229 1109 3299 exigno
1132 3236 1251 3300 ternpore
1269 3231 1334 3286 slios

212 3297 349 3350 sufficere
365 3315 415 3350 non
434 3305 550 3369 possent,
569 3316 656 3352 onnes
673 3297 731 3354 illos
749 3308 780 3353 nt
795 3296 957 3352 neoesssrioe
974 3298 1138 3354 dimiserunt.
1173 3307 1203 3351 et
1219 3300 1288 3351 inter
1303 3317 1333 3355 se

227 3366 387 3420 reounoilisti
406 3384 496 3436 puceu
512 3385 569 3421 osnn
588 3367 736 3423 Hannibale
753 3371 883 3423 lecerunt.
917 3366 963 3437 qni
980 3366 1102 3421 celeriter
1117 3366 1210 3420 reliots
1221 3369 1279 3420 Nes
1316 3369 1336 3422 li

228 3435 344 3503 Cspusrn
370 3439 459 3504 venit,
484 3444 513 3490 et
535 3453 584 3507 pro
608 3438 730 3492 oontioue
753 3444 816 3508 post
833 3436 913 3489 multe
928 3437 980 3489 slis
997 3445 1076 3503 grute
1092 3435 1217 3503 euribus,
1241 3435 1282 3488 lts
1293 3438 1335 3491 ise

227 3503 401 3575 principatum
417 3507 455 3560 eis
473 3505 601 3576 promisit,
618 3515 648 3560 ut
664 3525 713 3576 spe
730 3505 816 3560 erecti
830 3521 860 3557 se
870 3521 919 3575 pro
929 3505 1078 3573 semetipsis
1088 3505 1210 3559 lsbossre
1223 3505 1336 3560 ulterius

248 3591 264 3628 u
284 3583 385 3629 nerent.
797 3613 803 3626 .

228 3591 283 3644 Η
331 3641 395 3694 Post
419 3642 526 3714 cepnae
550 3643 723 3696 deiectionem
746 3643 826 3696 etism
851 3641 952 3712 relique
970 3640 1115 3709 Csnpeuis
1134 3641 1162 3694 iu
1179 3650 1253 3700 notu
1269 3645 1337 3711 luite

230 3710 306 3766 euius
329 3709 500 3766 deiectionem
528 3713 638 3766 Romani
660 3729 740 3781 aegre
763 3712 892 3766 lerebsnt.
932 3702 1064 3765 Hennibel
1087 3721 1172 3765 sutem
1190 3713 1337 3768 Nueerinos

230 3778 401 3852 oppugnavit.
444 3781 489 3850 qui
518 3798 574 3835 cunr
604 3781 805 3848 obsiderentur,
835 3780 949 3836 inutilem
975 3786 1087 3832 setsteu
1117 3782 1151 3834 ob
1183 3781 1339 3836 cinniorum

229 3850 650 3976 littl'ttldr‘tldtl
664 3850 1125 3974 isllbbltzrttllzdtqt
1147 3850 1339 3974 illiti:

230 3997 306 4042 veste
330 4005 360 4040 ee
383 3987 448 4040 urbe
469 3939 620 4044 οιέοεετιιτοτ
645 3937 812 4060 οεοὶροτιιόέ.
848 3997 876 4042 st
897 3991 943 4043 ille
960 3990 1026 4043 urbe
1043 3937 1293 4056 potituiqseneeores
1310 3989 1339 4041 in

231 4056 332 4112 belneie
348 4056 463 4110 ius-lusos
479 4058 636 4112 suffocavit:
658 4058 774 4129 reliquos
796 4075 854 4112 enm
871 4058 1007 4112 discedere
1022 4074 1074 4128 quo
1092 4058 1192 4113 vellent
1207 4058 1316 4112 iussisse

232 4127 326 4182 nullos
349 4126 376 4180 iu
401 4124 498 4178 itinere
520 4127 662 4184 interfecit.
698 4128 744 4181 sed
771 4133 857 4181 tumen
883 4146 971 4182 eorum
996 4127 1071 4182 multi
1089 4128 1117 4180 iu
1134 4127 1216 4180 silvss
1233 4127 1297 4196 prof

233 4203 381 4254 emerunt
418 4211 450 4248 eu
461 4195 615 4250 crudelitate
631 4196 728 4250 eeeteri
746 4197 836 4250 territi
851 4215 903 4250 non
920 4197 1030 4270 emplius
1045 4197 1103 4250 eius
1119 4195 1182 4248 lidei
1199 4213 1229 4248 se
1264 4213 1340 4248 ernn-

232 4273 339 4332 serunt,
362 4265 410 4319 sed
426 4262 587 4318 resistebant
607 4265 667 4319 dum
684 4274 816 4337 poterent.
851 4266 1002 4338 Nolenique
1019 4267 1053 4320 de
1069 4264 1190 4318 isoiends
1257 4265 1340 4319 ‘tione

234 4334 418 4403 consultantes,
436 4333 482 4387 illo
501 4332 619 4386 iuduere
635 4333 693 4388 viso
710 4335 861 4390 lderoelloru
878 4337 943 4390 olen
961 4334 1174 4401 sroessiverust‚
1189 4332 1342 4390 ilsnuibsle
1374 4329 1379 4346 “
