3134 4909
577 254 879 324 ANNALIUMXII
896 259 928 324 9.
1233 256 1306 329 551

182 406 256 499 ’τόν
271 426 305 491 δέ
320 428 453 506 Λαίτον,
477 422 525 491 ὅτι
550 423 696 514 φρόνημα
719 425 779 511 εἶχε
803 432 854 494 καί
877 425 923 495 ὅτι
944 426 1004 496 ἀπὸ
1027 437 1088 497 τῶν
1114 440 1307 519 στρατιωτῶν

200 530 351 615 ἠγαπᾶτο,
372 534 423 595 καί
441 531 496 594 ούκ
513 529 613 608 ἄλλως
630 530 824 617 στρατεύσειν
843 532 944 619 ἔλεγον
961 536 988 599 εί
1002 535 1046 618 μὴ
1064 538 1187 613 Λαῖτος
1205 537 1306 603 αὐτῶν

199 631 314 719 ἡγοῖτο.
364 636 415 697 καλ
439 633 493 698 τόν
515 632 610 720 φόνον
634 636 730 701 αάεοά
755 646 819 715 τοῖς
836 634 1036 723 στρατιώταις
1051 645 1233 726 προσῆπτεν,
1258 638 1306 707 ὅτι

201 734 312 826 φθόνῳ
329 736 423 802 αύτάν
440 738 554 803 ἀνελὼν
569 738 626 803 ούκ
643 736 702 820 εἶχε
721 740 815 824 λέγειν
833 743 942 805 αἰτίαν.

172 855 192 908 ὁ
302 837 380 905 Εἶτα
396 842 444 905 dni
460 840 499 905 τά
519 841 614 927 ’Άτρα
630 841 822 927 έστρότευσε.
872 841 959 919 πόλις
982 844 1015 907 δέ
1037 850 1134 908 ταῦτα
1154 842 1307 929 Ἀράβιος,

199 946 233 1009 έν
254 935 276 1029 ᾗ
299 941 398 1009 πολλοί
419 970 452 1009 τε
476 942 557 1009 ἀλλα
580 944 734 1011 ἀπέκειντο
755 944 920 1031 χρήματα,
946 948 996 1011 καί
1013 947 1053 1011 τὰ
1069 953 1124 1011 τού
1143 943 1253 1012 Ἡλίου
1274 949 1307 1013 δέ

199 1044 405 1130 ἀναθήματα,
431 1037 492 1135 uisi
509 1046 597 1123 πόλις
613 1048 722 1114 ἀνεῖτο.
749 1050 837 1115 οὐδέν
854 1051 888 1115 δέ
905 1047 1035 1127 ἀνύσας,
1057 1052 1154 1114 καίτοι
1170 1049 1204 1115 τὸ
1223 1051 1308 1127 ίκτδς

197 1159 296 1234 τείχος
308 1148 505 1237 καθῃρηκώς,
519 1153 570 1215 καί
582 1152 713 1229 πολλούς
724 1160 785 1219 τῶν
799 1156 915 1219 ολκείοιν
928 1150 1102 1234 ἀποβαλών,
1116 1150 1303 1239 ἀνεχώρησε·
1320 1164 1345 1218 Ι)

199 1258 250 1318 καί
273 1258 316 1330 είς
337 1255 393 1337 τὴν
409 1256 619 1337 Παλαιστίνην
644 1255 787 1341 ἀφίκετο,
813 1261 863 1322 καί
887 1259 918 1335 ές
934 1257 1103 1343 Αἰγύπτου,
1130 1259 1179 1321 καί
1205 1264 1307 1321 πᾶσαν

156 1368 192 1422 10
201 1354 258 1422 είδε
265 1405 275 1434 ,
300 1359 352 1421 καί
368 1357 407 1422 τὰ
423 1360 614 1443 κεκρυμμένα
632 1357 946 1447 ἐπολυπραγμόνησεν.
997 1352 1034 1444 ἦν
1057 1360 1116 1447 γάρ
1141 1355 1205 1436 οἶος
1229 1358 1306 1443 μήτε

196 1466 285 1525 θεῖον
300 1458 378 1543 μήτε
393 1487 422 1526 τι
439 1460 633 1545 ἀνθρώπινον
650 1467 825 1529 καταλιπεῖν
842 1461 1047 1546 ἀνερεύνητον.
1076 1466 1127 1528 καί
1144 1463 1183 1529 τά
1199 1465 1306 1544 βιβλιά

197 1562 219 1628 ἀ
242 1590 272 1629 τι
294 1561 376 1645 εἶχον
401 1562 575 1651 ἀπόρρητον
598 1566 632 1629 έκ
649 1563 770 1632 πάντων
787 1574 847 1632 τῶν
865 1565 985 1632 ἀδύτων
1003 1566 1136 1632 ἀνείλετο
1154 1566 1213 1632 ὅσα
1231 1566 1305 1642 τέως

197 1663 293 1754 εύρεῖν
309 1663 466 1749 δεδύυητο.

293 1770 387 1834 Ἀλλὰ
403 1778 501 1835 ταῦτα
517 1770 573 1851 μέν
589 1768 701 1846 ούτεος·
719 1766 856 1856 εἰρήσθω
874 1772 907 1835 δ’
927 1768 969 1849 ὡς
985 1772 1017 1836 έν
1034 1768 1160 1859 παρόδῳ
1177 1773 1228 1835 καί
1245 1766 1303 1837 ὅσα

155 1872 249 1943 15τόν
264 1873 372 1938 Δίωνα
388 1877 456 1957 περὶ
473 1878 529 1938 τού
544 1875 656 1937 Νείλου
674 1874 799 1957 λέγοντα
817 1874 954 1959 εύρομεν,
980 1874 1053 1941 ὅθεν
1070 1901 1102 1941 τε
1126 1874 1304 1939 ἀναδίδοται

195 1978 247 2041 καί
264 1974 316 2041 διά
333 1978 365 2041 τί
379 1978 456 2041 κατὰ
473 1976 508 2041 τὸ
526 1977 620 2061 θέρος
635 1980 795 2060 πεποιήται
812 1977 867 2061 τὴν
892 1978 1050 2060 ἀνιίβασιν.
1101 1980 1177 2063 λέγει
1202 1979 1303 2043 τοίνυν

195 2076 238 2157 ὥς
254 2082 287 2145 έκ
304 2087 359 2145 τοῦ
377 2079 538 2155 Ἄτλαντος
555 2080 751 2158 ἀναδίδοται,
777 2081 831 2146 τὸν
855 2082 888 2147 δέ
908 2082 1057 2148 Ἄτλαντα
1079 2078 1151 2169 ὄρος
1173 2078 1247 2147 εἶναι
1270 2082 1302 2145 έν

194 2191 233 2270 τῇ
249 2186 448 2249 Μακεννίτιδι
465 2183 543 2268 παρ’
563 2184 647 2271 αύτῷ
663 2192 707 2271 τῷ
727 2184 863 2271 Ὠκεανῷ
886 2188 963 2271 πρὸς
986 2184 1126 2268 ἑσπέραν,
1152 2188 1203 2248 καί
1221 2184 1301 2265 ἀρῶν
1317 2195 1340 2248 Ρ
1357 2195 1371 2249 Ι
1388 2192 1442 2251 608

194 2285 336 2352 ἁπάντων
360 2284 640 2371 ύπερανίστασθαι,
666 2286 743 2351 ὥστε
769 2288 823 2351 διὰ
848 2287 882 2351 τὸ
910 2288 993 2371 ύηυος
1018 2290 1070 2352 καί
1096 2290 1181 2351 κίονα
1209 2286 1302 2351 αύτδν

153 2390 281 2474 λθπαρὰ
297 2395 358 2452 τῶν
374 2396 507 2471 ποιητῶν
523 2394 677 2469 κληθῆναι
700 2394 755 2453 τοῦ
778 2389 920 2470 ούρανοῦ.
971 2387 1047 2471 μήτε
1070 2388 1129 2473 γὰρ
1152 2388 1306 2471 ἀναβῆναί

194 2489 263 2555 τινοί
287 2516 360 2555 ποτε
383 2496 425 2567 είς
448 2489 543 2575 ἀκρον
565 2490 677 2569 αύτοῦ,
711 2486 789 2573 μήτ’
815 2492 938 2556 ἰδέσθαι
963 2492 1019 2568 τὰς
1044 2490 1139 2557 αύτοῦ
1163 2490 1303 2581 κορυφὰς

189 2591 294 2678 χιόνος
318 2593 364 2659 ἀεί
389 2591 588 2677 πληθούσας,
614 2594 646 2671 ἐξ
667 2585 705 2678 ἧς
730 2593 807 2658 πολύ
831 2606 992 2682 καταρρεῖν
1014 2594 1049 2660 τὸ
1073 2592 1157 2682 ύδιορ
1180 2591 1240 2660 ἀπὸ
1266 2594 1300 2661 τό

262 2821 403 2892 διαίτης
418 2824 487 2880 OW.
592 2816 805 2877 θέναπέκειντο
825 2826 855 2879 Α.
964 2820 1105 2895 idatius]
1122 2820 1248 2880 ἀνέκειτο
1265 2824 1335 2882 Α.·

263 2897 299 2949 10
316 2890 377 2955 olus
392 2889 444 2961 γὰρ
462 2883 499 2979 τὶν
516 2893 546 2947 Β.
616 2898 648 2949 ll
665 2912 693 2947 τι
710 2894 761 2947 add
779 2896 835 2949 AB.
906 2896 939 2951 14
951 2889 1026 2949 ’ἀλλὰ
1045 2913 1085 2948 om
1103 2896 1136 2949 Δ.
1206 2896 1240 2951 16
1257 2890 1298 2947 λέ-

262 2981 340 3032 γετοιι
357 2960 452 3016 τοίνυν
466 2979 511 3017 οτι
528 2956 559 3015 έν
577 2962 608 3017 Α.
721 2962 755 3017 19
770 2960 988 3030 ύπερανίσταται
1007 2966 1038 3023 Α.
1151 2961 1200 3017 κοιλ
1214 2964 1299 3017 κίονα

261 3027 349 3087 αύτύν
366 3026 415 3086 dta't
433 3028 466 3085 τύ
481 3026 556 3101 ύψος
571 3033 605 3086 Δ.
709 3034 743 3087 21
761 3052 824 3088 τινα
841 3028 871 3097 ές
887 3029 919 3088 τί
935 3030 1025 3102 ἀκρον
1042 3029 1130 3087 αὐτοῦ
1145 3028 1214 3086 ποτὶ
1231 3034 1262 3089 Β.

192 3240 228 3292 ub
244 3236 324 3290 animi
340 3237 544 3304 magnitudinem
560 3247 588 3292 et
605 3238 716 3307 gratian
734 3241 804 3309 spud
822 3240 925 3303 milites,
944 3238 990 3307 qui
1007 3252 1038 3289 se
1054 3236 1157 3290 nuuuisi
1175 3236 1219 3289 ilio
1231 3237 1298 3290 dune

191 3308 349 3361 militaturos
364 3308 540 3363 affirmabant.
570 3315 598 3359 et
615 3308 713 3360 crimen
730 3310 818 3361 medis
836 3308 893 3360 eius
911 3306 938 3358 in
955 3305 1047 3361 milites
1064 3306 1210 3373 transtulit,
1227 3308 1297 3376 quud

192 3396 225 3431 eu
242 3395 276 3430 ex
292 3376 392 3428 invidia
408 3376 549 3428 interfecto
566 3392 671 3428 causatu
687 3377 775 3429 dicere
793 3394 845 3429 nou
862 3381 976 3446 poterat.

294 3445 396 3497 Deinde
412 3448 478 3497 Atra
495 3447 582 3497 urbem
598 3446 712 3497 Arabiae
723 3446 782 3497 Soti
799 3446 908 3498 dicatam
926 3446 1101 3516 oppugnavit,
1118 3443 1145 3497 in
1156 3461 1209 3515 qua
1219 3460 1297 3513 prse-

191 3523 234 3568 tet
249 3514 317 3567 alies
334 3514 881 3584 magnasupesetinmsoiisdonariure
901 3516 1069 3569 enituerunt.
1104 3515 1151 3567 sed
1178 3512 1297 3583 quumvis

191 3584 318 3637 exteriori
336 3599 410 3634 maro
427 3596 522 3653 captu,
548 3601 577 3637 re
594 3583 692 3636 iniecta
710 3585 797 3636 maltis
815 3584 940 3637 militibus
960 3584 1061 3636 amissis
1078 3582 1106 3635 in
1124 3582 1297 3637 Palaestinam

190 3653 316 3707 discessit
333 3659 414 3719 atque
431 3653 457 3705 in
477 3658 640 3723 Aegyptum,
666 3670 743 3737 quant
761 3661 843 3705 tutum
862 3654 1047 3722 perlustravit,
1071 3654 1174 3705 areanis
1191 3668 1297 3723 qaoque

190 3725 270 3776 rebus
285 3722 426 3789 indagatis.
461 3740 493 3775 eu
510 3724 579 3775 euim
600 3732 659 3775 erat
674 3723 797 3791 iugenio,
823 3731 852 3774 ut
869 3739 953 3791 neque
970 3722 1085 3775 divinum
1104 3739 1189 3791 neque
1207 3722 1296 3775 humer

190 3809 252 3845 num
276 3790 412 3860 quicquam
435 3792 679 3861 impervestigstunt
702 3792 870 3859 relinqueret.
913 3792 995 3844 libros
1020 3808 1172 3845 arcanarum
1198 3807 1296 3857 aarum,

190 3878 259 3931 quus
275 3859 381 3931 quidem
397 3860 515 3915 iuvenire
532 3869 647 3931 pateret,
664 3878 697 3914 ex
714 3863 833 3914 omnibus
851 3860 937 3929 adytis
955 3861 1071 3918 sustuiit.
1251 3914 1254 3921 ,

294 3931 384 3998 Atque
400 3928 465 3983 haee
482 3932 622 3983 haetenus:
642 3947 711 3984 nunc
727 3931 813 3983 obiter
829 3929 874 3984 iiis
893 3946 998 3999 quoque
1014 3933 1126 3983 referam
1144 3944 1211 3997 quae
1225 3926 1294 3996 epud

190 4000 300 4052 Dionem
326 4000 360 4053 de
382 3998 444 4050 Niiu
468 4001 608 4052 memoriae
631 4000 737 4069 prodite
761 4006 837 4065 suut,
861 4001 930 4052 unda
947 3998 968 4052 is
987 4001 1101 4064 oriatur,
1129 4014 1176 4050 aur
1192 3997 1294 4049 uestitu

190 4074 309 4139 tempure
325 4069 477 4123 adscendet
512 4077 603 4121 narret
618 4078 707 4123 sutem
724 4086 782 4122 eum
802 4086 834 4121 ex
851 4070 959 4122 Atlante
975 4068 1056 4134 oriri,
1082 4074 1168 4120 moute
1186 4065 1295 4118 Macen-

189 4139 298 4205 uitidis,
325 4138 358 4191 ad
383 4138 467 4209 ipsum
489 4139 677 4191 occidentatem
700 4140 850 4203 Oceanum,
874 4138 984 4191 omnium
1007 4137 1128 4190 montium
1155 4132 1294 4187 altissimus

192 4224 245 4275 qua
261 4208 295 4260 de
312 4225 392 4261 eausa
408 4206 475 4259 nesii
493 4210 609 4260 cntumua
625 4225 642 4261 s
660 4210 745 4277 puetis
763 4208 920 4279 appellatur.
957 4223 1042 4276 neque
1059 4206 1125 4260 enim
1141 4218 1295 4329 Ἥψατο

192 4276 251 4329 eius
267 4292 391 4332 στοοιιτο
408 4277 590 4347 εδτοαιδίτττ,
615 4294 700 4348 usque
717 4278 828 4349 fastigia
846 4276 962 4345 vidisse,
985 4292 1088 4348 semper
1102 4290 1155 4345 opp
1224 4272 1280 4327 uim
