3134 4909
205 290 210 301 ·
241 236 319 321 4ου
581 246 754 317 miurus
778 244 1004 345 zouauau¹

240 422 385 511 γερουσία
408 423 460 485 καί
485 416 506 503 ἢ
531 418 625 497 ίππδς
640 426 697 487 τοῦ
712 444 744 485 τε
762 417 863 502 δήμου
879 417 916 483 τδ
935 422 1037 481 πλεῖον
1053 416 1106 480 καί
1122 413 1218 500 ἕτερον
1234 418 1348 499 συνῆλ-

191 574 195 579 -
240 532 303 593 θον
319 526 388 589 λκεΐ.
439 521 518 588 {too
538 523 578 588 τὰ
603 522 687 612 αὐτῷ
711 524 861 587 δοκοῦντα
877 516 1149 604 καταπραξάμενος
1164 518 1196 594 ές
1211 517 1266 599 τὴν
1276 516 1348 583 Ἦλ-

241 627 322 693 λάδα
340 618 434 702 αῦθις
451 625 559 711 ἀπῆρε.
610 629 661 691 καί
686 626 738 689 διὰ
755 631 812 689 τοῦ
824 624 953 704 Ἰσθμοῦ
970 629 1025 705 τῆς
1040 616 1279 703 Πελοποννήσου
1294 621 1350 699 τδς

240 737 317 806 ναῦς
342 728 396 793 διά
428 728 483 793 τὸν
513 734 647 811 χειμῶνα
680 726 833 813 διαγαγὼν
862 726 979 808 ταχέως
1008 727 1051 802 τίς
1079 723 1135 808 τὴν
1159 723 1265 789 Ἀσίαν
1298 724 1354 788 ἀν-

242 834 403 913 εκομίσθη.
1003 909 1006 915 .
1207 903 1213 910 ,
1359 842 1377 895 5

204 940 227 997 B
346 928 531 1019 Κλεοπάτρα
555 931 589 995 δὲ
613 935 755 1018 φυγοῦσα
770 934 956 1008 καταλαβεῖν
970 925 1027 1008 τὴν
1042 925 1200 1010 Αἴγυπτον
1216 925 1354 1006 ἔσπευσε,

241 1037 395 1101 δεδοικυῖα
410 1032 455 1118 μή
472 1059 502 1099 τι
519 1034 727 1118 νεωτερίσωσι.
765 1035 817 1097 καλ
834 1032 977 1116 γενομένη
995 1032 1027 1094 έν
1043 1028 1140 1114 τοῦτη
1158 1029 1353 1111 πανταχόθεν

221 1128 225 1141 ’
241 1138 378 1222 συνέλεγε
392 1136 541 1223 χρήματα
558 1134 687 1221 ἤθροιζέ
699 1160 732 1199 τε
750 1132 903 1215 δυνάμεις.
941 1129 1099 1209 Ἀπώνιος
1115 1133 1149 1196 δέ
1165 1136 1208 1209 είς
1223 1130 1353 1214 Λιβάην

240 1240 435 1305 ἀπέπλευσεν.
461 1240 525 1303 luel
543 1238 576 1301 δὲ
592 1240 643 1301 καλ
661 1236 734 1323 ὅπερ
753 1236 828 1320 εἶχεν
845 1237 909 1301 έκεῖ
921 1233 1097 1319 στράτευμα
1112 1234 1227 1318 ἀπέστη
1246 1236 1354 1313 αὐτοῦ,

241 1340 366 1429 ὥρμησε
390 1342 447 1424 μὲν
473 1339 581 1413 ἑαυτὸν
604 1339 728 1419 ἀνελεῖν,
761 1336 822 1406 aiud
846 1340 881 1404 δὲ
901 1345 963 1404 τῶν
987 1339 1084 1425 φίλων
1107 1334 1275 1416 κεκάλυτο,
1302 1341 1396 1407 sollo

242 1444 432 1529 ἀνεκομίσθη
459 1447 501 1521 είς
518 1440 756 1526 Ἀλεξάνδρειαν.
808 1443 860 1508 καλ
882 1438 1142 1525 παρεσκευάζοντο
1164 1441 1221 1521 μίν
1243 1436 1287 1517 ὥς
1301 1443 1354 1505 καλ

241 1545 479 1631 πολεμήσοντες,
507 1544 642 1612 ἔστειλαν
667 1546 703 1609 δέ
722 1569 808 1619 τινας
830 1547 880 1607 καλ
896 1543 974 1628 πρὸς
990 1544 1136 1626 Καίσαρα
1154 1541 1261 1626 λόγους
1274 1540 1351 1628 ῦπίρ

242 1648 364 1735 είρήνης
391 1651 585 1730 κομίζοντας,
618 1656 683 1722 τοῖς
706 1646 741 1710 δέ
764 1650 907 1711 συνοῦσιν
937 1646 1023 1732 αῦτρῦ
1049 1643 1207 1729 χρήματα.
1255 1641 1351 1727 καὶῆ

243 1747 430 1837 Κλεοπάτρα
456 1745 561 1835 κρῦφα
588 1754 645 1813 τοῦ
671 1747 832 1813 Ἀντωνίου
856 1754 1011 1833 σκῆπτρον
1035 1748 1120 1835 αὐτῷ
1140 1754 1275 1833 χρυσοῦν
1300 1748 1353 1811 καλ

205 1856 229 1910 0
246 1853 396 1939 στέφανον
412 1850 518 1933 ὅμοιον
534 1852 585 1915 καί
603 1852 713 1938 δίφρον
728 1854 883 1932 βασίλειον
899 1851 1044 1932 ἔπεμψεν,
1062 1848 1104 1927 ὡς
1120 1852 1171 1914 καί
1187 1847 1244 1933 τὴν
1256 1849 1355 1934 ἀρχὴν
1361 1861 1397 1915 15

89 1963 127 2018 W
137 1960 166 2017 11
178 1961 230 2019 169
247 1954 330 2042 nisui
349 1955 393 2019 δι’
413 1953 515 2019 αὐτῶν
532 1957 670 2019 διδοῦσα.
701 1950 717 2017 ὃ
736 1954 769 2017 δὲ
785 1953 825 2018 τά
840 1956 897 2034 μὲν
913 1957 1000 2038 δῶρα
1016 1951 1135 2033 ἔλαβεν,
1151 1951 1260 2017 οίοινδν
1275 1952 1354 2018 αῦτά

241 2056 461 2141 ποιησάμενος,
496 2057 676 2142 ἀπεκρίνατο
696 2057 730 2120 δέ
747 2062 795 2143 τῷ
809 2057 865 2138 μέν
876 2056 1026 2142 Ἀντωνίῳ
1043 2055 1141 2132 οῦδέν,
1167 2052 1354 2146 Κλεοπάτρᾳ

242 2163 277 2226 δέ
295 2158 341 2226 ὅτι
359 2157 562 2245 ἀποκτεινάσῃ
578 2158 632 2225 τδν
643 2154 801 2223 Ἀντώνιον
817 2157 838 2241 ἢ
856 2155 1027 2244 έκβαλσῦση
1045 2157 1150 2223 ἄδειαν
1167 2157 1247 2244 αὐτῇ
1261 2157 1354 2224 δώσει

241 2267 292 2331 καί
309 2262 366 2344 τὴν
382 2262 480 2349 ἀρχὴν
497 2258 579 2327 ἐάσει
596 2260 863 2347 ἀπαρεγχείρητον.
914 2261 946 2325 ἐν
968 2258 1104 2348 τοσοῦτρν
1127 2260 1161 2324 δέ
1182 2261 1240 2337 τὰς
1262 2260 1294 2325 έν
1310 2265 1355 2349 τῷ

238 2366 391 2453 Ἀραβικῷ
407 2362 511 2455 κόλπῳ
529 2366 776 2449 ναυπηγηθείσας
797 2371 835 2450 τῇ
855 2361 1038 2453 Κλεοπάτρᾳ
1054 2359 1187 2449 τριήρεις
1202 2363 1398 2450 κατέπρη-λί)

242 2492 302 2536 σαν
324 2468 354 2533 oi
373 2465 530 2553 Ἀράβιοι,
555 2470 607 2533 καί
630 2466 686 2543 τὰς
712 2468 888 2552 ἐπικουρίας
911 2466 941 2531 oi
965 2469 1059 2550 δῆμοι
1081 2469 1132 2531 καλ
1155 2466 1184 2531 oi
1207 2465 1356 2533 δυνάσται

242 2568 414 2653 ξύμπαντες
430 2565 656 2657 ἀπηρνήσαντο.
701 2566 861 2647 Ἀπώνιος
883 2570 918 2634 δέ
938 2572 990 2634 καί
1015 2565 1238 2656 ἧΚλεοπάτρα
1260 2566 1357 2635 uisuri·

314 2731 330 2784 1
347 2730 445 2782 πλεῖον
464 2726 566 2795 altio,
586 2730 716 2782 πλεῖστον
732 2728 803 2786 PW.
905 2728 924 2783 3
940 2726 1153 2798 πιλοποννήσου
1170 2730 1208 2800 Β,
1226 2728 1353 2784 Πελοπο-

312 2794 400 2881 νησογ
416 2797 485 2851 Pw.
558 2797 575 2851 9
592 2790 757 2881 έπίπλευσςν
775 2798 807 2851 C.
883 2798 918 2851 12
933 2796 1139 2866 πολεμάοουτες
1154 2800 1189 2856 Α.
1259 2798 1295 2854 16
1310 2794 1354 2853 δι’

314 2883 408 2919 cosma
424 2882 467 2919 om
483 2865 515 2923 B.
617 2868 654 2920 20
670 2882 849 2937 κατεπρηοαυ
864 2868 890 2921 Δ
905 2868 967 2937 Dio,
984 2865 1161 2922 κατέκαυσαν
1175 2869 1245 2923 PW.

243 3010 350 3057 senatus
367 3007 397 3055 et
415 3000 479 3054 ordo
497 3006 619 3072 equester
634 3010 662 3055 et
680 3002 764 3071 plebis
780 3003 890 3056 mamma
905 3019 968 3073 pars
986 3011 1175 3057 convenerunt
1210 3004 1258 3058 nbi
1273 3005 1355 3057 rebus

243 3072 397 3141 quibusdum
414 3070 596 3123 exsertantia
614 3071 743 3124 confectis
761 3073 854 3125 iterum
873 3073 901 3125 iu
919 3073 1058 3126 Graeciam
1074 3074 1212 3140 discessit,
1235 3080 1264 3125 et
1280 3073 1356 3125 navi-

242 3143 292 3263 kup
310 3158 358 3211 per
376 3141 499 3193 Isthmum
516 3140 743 3211 Peloponnensem
761 3143 794 3194 ob
811 3150 994 3213 tempestatem
1009 3142 1157 3211 ετεδιισιίτ,
1177 3143 1302 3197 celeriter
1325 3142 1356 3195 in

308 3228 331 3262 ιιι
351 3209 467 3263 transiit.

267 3226 306 3263 Η
345 3277 381 3331 At
405 3278 550 3347 Cleopatra
570 3268 722 3348 Aegyptum
749 3294 880 3347 occupare
903 3278 1053 3342 contendit,
1075 3296 1109 3332 ne
1132 3280 1177 3363 qui
1201 3297 1246 3333 res
1270 3294 1356 3332 ueras

241 3348 396 3401 molirentur
421 3352 550 3402 metuens.
586 3363 639 3429 quo
662 3364 719 3401 curn
746 3348 880 3416 venisset,
912 3348 1028 3417 undique
1050 3364 1187 3416 pecuniam
1213 3358 1241 3401 et
1263 3349 1355 3418 copias

241 3418 338 3484 coegit.
372 3414 503 3468 Antonius
527 3416 553 3467 in
571 3413 683 3482 Libyam
701 3416 849 3485 navigavit.
884 3433 941 3469 curn
959 3425 1043 3469 autem
1060 3419 1083 3469 is
1100 3433 1206 3487 quoque
1224 3418 1355 3470 exercitus

240 3500 317 3553 quern
335 3483 373 3535 ibi
391 3484 506 3536 habebat
523 3485 679 3549 defecisset,
705 3484 758 3537 sibi
783 3501 874 3538 manus
895 3487 991 3538 afferre
1013 3484 1110 3542 uoluit:
1136 3488 1182 3538 sed
1206 3488 1240 3538 ab
1263 3485 1355 3538 amicis

258 3552 390 3604 roluibitus
414 3552 601 3606 Alexandriam
627 3552 714 3605 veuit.
749 3553 789 3605 ibi
815 3555 847 3606 ad
873 3570 987 3623 pugnem
1011 3571 1040 3606 se
1064 3554 1241 3618 instruentes,
1267 3560 1356 3607 tamem

237 3570 342 3688 legatos
360 3620 393 3672 de
411 3618 485 3688 pacis
502 3622 701 3675 condicionibus
720 3623 752 3674 ad
765 3622 905 3676 Caesarem
922 3624 1057 3687 miserunt,
1075 3632 1103 3675 et
1114 3622 1286 3676 familiaribus
1297 3622 1357 3675 eius

239 3688 378 3758 pecunias.
412 3688 555 3758 Cleopatra
579 3707 642 3742 vero
666 3691 731 3744 clam
749 3692 866 3743 Antonio
889 3692 942 3762 ipsi
960 3691 1069 3745 Caesari
1087 3708 1193 3745 aureum
1210 3700 1354 3761 sceptrum,

239 3758 356 3811 eiusdem
373 3757 502 3809 materiae
518 3774 638 3811 coronam
656 3770 684 3813 et
701 3760 789 3812 sellam
808 3761 907 3828 regiam
926 3760 1009 3827 misit,
1025 3768 1150 3828 tauquam
1167 3777 1219 3813 una
1236 3776 1292 3812 cum
1311 3758 1354 3811 lais

200 3874 202 3887 ,
239 3826 378 3895 imperium
396 3828 473 3879 etiam
492 3824 518 3876 ei
534 3826 664 3880 traderet.
699 3828 801 3881 Caesar
818 3828 970 3881 munoribus
987 3820 1048 3885 boni
1068 3830 1161 3883 orninis
1179 3846 1259 3882 cauea
1279 3844 1358 3882 acca-

238 3896 293 3966 ptis
311 3894 426 3947 Antonio
444 3892 510 3945 nihil
528 3895 679 3963 respondite
698 3898 860 3965 Cleopatrae
876 3898 994 3951 nuntiari
1011 3896 1094 3963 iuasit,
1113 3900 1136 3951 si
1149 3898 1293 3951 Antonium
1310 3896 1356 3949 sel

238 3964 382 4018 occidisset
401 3962 442 4014 vel
460 3962 592 4028 eiecisset,
610 3981 639 4016 se
656 3964 836 4034 impunitatem
853 3964 878 4016 ei
896 3966 1017 4019 daturum
1034 3977 1062 4018 et
1079 3984 1187 4035 ragnum
1202 3965 1355 4018 inviolatum

237 4034 400 4087 relicturum.
424 4031 527 4083 interea
547 4032 699 4086 aedificatas
717 4035 878 4103 Cleopatrae
895 4034 921 4086 in
940 4036 1000 4088 sinu
1017 4035 1133 4088 Arabico
1150 4053 1233 4089 naues
1251 4035 1355 4087 Arabes
1404 4036 1411 4043 '

238 4108 436 4167 cremaverunt,
468 4098 565 4153 auxilie
590 4118 624 4169 po
645 4102 682 4154 uli
709 4104 889 4169 dynastaeque
916 4120 1005 4155 ornnes
1031 4112 1208 4173 negaverunt.
1243 4111 1355 4187 accepto

238 4172 362 4224 Caesaris
379 4184 507 4238 responso
525 4170 611 4223 denuo
626 4119 732 4239 legatos
751 4170 893 4223 miseruut:
920 4172 1064 4242 Cleopatra
1081 4190 1199 4243 magnam
1218 4188 1355 4241 pecuniam

237 4238 376 4309 pollicens,
394 4237 524 4294 Antonius
541 4238 708 4310 cognationis
725 4246 753 4297 et
769 4238 902 4295 amicitiae
918 4256 976 4295 eum
993 4242 1245 4310 commonefaciens,
1273 4255 1357 4310 seque
