3134 4909
532 300 747 371 murorum
776 301 846 371 ται
876 253 942 373 12.
1213 303 1290 381 soe

281 474 462 560 Δημητρίου
485 473 606 557 μέντοι,
640 472 675 541 δν
698 471 762 539 ἀνω
787 474 1001 561 παραδέδωκεν
1027 472 1043 543 ὃ
1066 473 1155 563 λδγος
1178 486 1234 565 τῆς
1256 482 1289 547 έν

176 577 385 667 Ἀλεξανδρείᾳ
401 578 560 661 έκκλησίας
577 583 763 662 προστῆναι,
788 576 939 655 θανόντος
945 626 956 657 ,
976 576 1135 664 Ἡρακλοῖς
1151 590 1205 667 τῆς
1222 584 1288 649 dns·-

152 748 161 757 ,
179 690 296 765 σκοπῆς
311 682 465 760 ἀξιοῦται,
491 682 637 768 φοιτητὴς
650 680 823 765 Ὠριγίνους
840 678 1006 765 γενόμενος.
1029 690 1084 767 τῆς
1101 685 1132 751 δ’
1152 686 1183 751 iv
1195 683 1288 772 Ἱερο-

180 784 326 869 σολύμοις
349 786 508 868 έκκλησίος
531 790 696 871 προῖστατο
720 782 916 869 Νάρκισσος,
942 785 1019 873 ἀνὴρ
1046 788 1289 871 θαυματοποιός,

154 890 217 967 ςδς
239 892 363 972 ψευδῶς
385 887 471 974 παρά
496 914 584 955 τινων
602 890 838 973 κατηγορηθείς,
865 890 995 975 ἐραστὴς
1013 892 1046 957 δέ
1063 895 1132 973 βίου
1151 892 1193 959 ῶν
1211 894 1289 959 ἀνα-

175 998 366 1080 χωρητοιοιῖ,
393 993 499 1078 διέδρα
522 992 631 1057 λαθεδν
652 994 703 1056 καί
720 992 753 1054 έν
769 993 909 1077 ἐρημίαις
924 992 1058 1075 ηὐλίζετο
1077 994 1288 1079 ἀγνοούμενος.

178 1104 234 1163 τοῦ
252 1098 286 1161 δὲ
302 1093 567 1181 ἀνακεχωρηκότος
585 1091 791 1178 ἀντεισάγετοι
809 1096 903 1173 Δῖος,
922 1096 998 1178 μεθ’
1017 1095 1052 1161 ὃν
1069 1102 1287 1187 προχειρίζεται

160 1202 366 1283 Γερμανίαν,
392 1197 457 1277 εἶτα
473 1201 504 1261 Γ
502 1196 621 1284 όρδιος·
648 1198 699 1284 ἐφ’
719 1188 756 1263 oi
773 1200 950 1265 ίπανελδιδν
968 1192 1060 1277 αὖθις
1076 1199 1093 1267 ὁ
1110 1201 1288 1288 Νάρκισσος

176 1300 236 1368 ἀπὸ
253 1310 314 1369 τῶν
330 1308 446 1368 πιστῶν
462 1304 510 1367 ἐπὶ
527 1302 582 1384 τὴν
597 1304 786 1387 προστασίαν
803 1308 1032 1389 παρακαλεῖται.
1058 1304 1102 1388 μὴ
1119 1307 1285 1389 δυναμένου
1295 1316 1324 1389 ,Ρ
1341 1316 1355 1370 l
1372 1317 1424 1373 611

136 1409 213 1477 lodi
228 1414 284 1473 sori
299 1407 478 1492 Ναρκίσσου
496 1406 548 1469 διὰ
566 1412 663 1490 γῆρας
677 1404 766 1486 βαθὺ
784 1410 975 1496 λειτουργεῖν,
999 1408 1194 1495 Ἀλέξανδρος
1216 1413 1286 1477 δια-

177 1511 299 1596 πρέψας
319 1506 467 1595 πρότερον
490 1516 528 1595 τῇ
553 1510 605 1574 διά
622 1508 760 1594 Χριστὸν
783 1505 929 1599 ὁμολογίην
936 1558 947 1589 ,
974 1510 1039 1576 τότε
1065 1514 1098 1577 δὲ
1124 1514 1288 1597 ἐπισκοπῆς

177 1614 208 1678 ίν
226 1620 263 1699 τῇ
280 1618 340 1678 τῶν
356 1614 575 1679 Καππαδοκῶν
588 1610 678 1701 χῶρρ
694 1613 860 1695 ἠξιωμένος
866 1660 876 1691 ,
896 1614 929 1689 ἐξ
947 1612 1172 1697 ἀποκαλύψεως
1189 1641 1287 1702 προσ-

177 1714 301 1803 ελήρθη
326 1716 409 1801 παρὰ
432 1722 494 1784 τῶν
516 1719 549 1781 ἐν
572 1713 795 1802 Ἱεροσολύμοις
819 1722 934 1782 πιστῶν
960 1715 1025 1799 ἅμα
1050 1725 1095 1807 spi
1119 1725 1287 1810 Ναρκίσσῳ

178 1822 288 1885 διέπειν
311 1818 349 1883 soi
375 1826 430 1899 τῆς
453 1821 621 1901 ἐκκλησίας.
655 1822 687 1885 έν
710 1822 743 1885 δὲ
766 1826 804 1905 τῇ
826 1820 1002 1901 Ἀντιοχέων
1018 1823 1161 1913 έκκληοίρ
1179 1828 1286 1910 Σορο-

135 1926 289 2000 15πίωνος
305 1922 561 2005 ἀναπαυσαμένου
579 1918 804 2007 Ἀσκληπιάδης
824 1921 879 2007 τὴν
904 1925 1068 2010 έπισκοπὴν
1090 1925 1286 2015 παρειλήφει·

178 2018 217 2091 οὗ
232 2030 284 2091 καὶ
300 2022 505 2109 ὑπομνήματα
521 2023 674 2104 σιτίζεσθαι
692 2029 786 2114 φησίν
803 2016 995 2109 δἘἀσίβιος.

273 2127 367 2195 Ἀλλά
383 2137 481 2196 ταῦτα
497 2130 553 2213 μέν
570 2127 681 2207 οὕτως’
708 2130 778 2213 (12)
792 2130 966 2207 Ἀντωνῖνος
984 2132 1017 2197 δέ
1036 2129 1133 2197 έδάκει
1149 2132 1205 2215 μέν
1221 2158 1287 2198 κοι-

176 2232 272 2299 νωνδν
294 2239 450 2299 ποιεῖσθαι
472 2240 527 2315 τῆς
550 2232 648 2320 ἀρχῆς
664 2235 762 2298 Γέταν
785 2232 838 2297 τάν
862 2232 1007 2319 ἀδελφάν,
1033 2242 1070 2319 τῇ
1096 2235 1127 2299 δ’
1155 2235 1287 2325 ἀληθείη

176 2336 330 2421 μόναρχος
356 2328 405 2418 ἦν.
457 2340 508 2401 καὶ
538 2347 602 2412 τοῖς
623 2337 680 2416 μέν
704 2338 860 2417 πολεμιόις
885 2342 945 2400 τῶν
971 2338 1150 2421 Βρεττανῶν
1177 2338 1325 2404 αὖτίκοΒ

135 2441 337 2505 sodomicam
354 2444 409 2519 τῆς
424 2463 456 2503 τε
470 2434 578 2522 χῶρος
594 2436 698 2513 αὐτοῖς
714 2439 764 2501 καὶ
780 2443 842 2527 τῶν
860 2440 1016 2522 φρουρίων
1032 2435 1157 2517 ἐκστάς,
1182 2439 1235 2505 τδν
1253 2442 1286 2509 δέ
1341 2466 1344 2473 ’

246 2668 261 2720 l
280 2660 315 2719 δν
331 2660 392 2719 ἀνω
407 2659 641 2728 παραδίδωκενδ
663 2660 744 2733 λόγος
758 2664 792 2734 A,
811 2652 845 2716 οδ
862 2656 922 2715 ἀνω
939 2659 954 2717 d
973 2658 1055 2733 λόγος
1070 2657 1197 2735 ίμνήοδη
1214 2668 1283 2724 PW.

245 2736 262 2788 5
281 2736 392 2802 ψευδῶς
409 2734 525 2798 ARCW,
544 2730 649 2801 ψεύδος
665 2734 698 2787 Ρ.
835 2732 865 2788 9Δ
876 2742 938 2787 ente
962 2738 1164 2798 παρακαλεῖται
1187 2736 1209 2789 Α
1232 2739 1285 2791 ἐδδ

245 2794 343 2866 αὖθις.
412 2805 443 2856 11
462 2797 614 2863 ἐπίσκοπος
630 2804 686 2856 AB.
756 2803 791 2856 16
802 2801 868 2857 Sera
888 2803 955 2855 ionis
969 2806 1168 2859 commentarios
1180 2816 1286 2862 exstare

245 2884 338 2927 narret
353 2873 485 2927 Eusebius
502 2872 638 2927 Historiae
654 2872 851 2926 ecclesiasticae
870 2822 919 2927 iit.
938 2874 955 2929 6
977 2892 1002 2931 ο.
1021 2874 1065 2929 12.
1187 2876 1220 2930 18
1236 2878 1287 2945 τῆς

245 2940 332 3012 ἀρχῆς
347 2944 493 2996 ποιεῖσθαι
508 2942 541 2996 Β.
643 2944 681 2996 20
696 2936 784 3011 αὐτῆς
799 2942 829 2995 A.

244 3082 417 3204 mmm-3
444 3082 511 3150 ‘Nl’-
533 3079 576 3133 12
611 3079 708 3134 Ρίοντῖε
728 3080 865 3135 Historiae
883 3080 1023 3134 Romanus
1044 3080 1089 3135 lid.
1114 3078 1148 3138 77
1172 3100 1196 3139 ο.
1216 3086 1284 3139 1..

282 3190 290 3205 .
361 3170 383 3205 c.
418 3186 425 3204 .

278 3353 428 3421 Demetrio,
452 3368 528 3421 quem
553 3366 633 3418 supra
650 3350 778 3404 ecclesiae
796 3352 990 3405 Alexandrinae
1006 3352 1155 3422 praefuisse
1171 3356 1283 3424 memini,

175 3426 310 3489 defuncto,
328 3422 454 3477 Heraclea
472 3420 598 3489 Origenis
616 3420 722 3471 auditor
739 3421 860 3490 pontifex
878 3430 919 3475 est
937 3422 1062 3479 delectus.
1093 3424 1285 3492 Hierosolymi-

175 3503 256 3549 tuuec
274 3493 402 3547 ecclesiae
418 3492 536 3575 praefuit
552 3488 705 3555 Narcissus,
731 3490 773 3540 vir
799 3490 929 3545 miraculis
954 3493 1039 3545 clarus
1058 3498 1085 3545 et
1102 3494 1176 3545 vites
1193 3494 1285 3549 solitu·

174 3566 233 3619 riae
249 3577 348 3629 emens.
383 3578 428 3630 qus
453 3578 510 3613 cum
533 3562 567 3613 ub
593 3557 685 3611 falsam
711 3558 917 3613 criminationem
939 3561 1006 3615 clem
1025 3562 1188 3631 profugisset
1204 3571 1284 3635 atque

175 3634 204 3687 in
221 3633 335 3686 desertis
353 3632 462 3697 lateret,
485 3631 512 3682 in
530 3630 586 3681 eius
604 3626 689 3679 locum
705 3628 770 3679 Dius
788 3629 973 3683 introducitur.
1007 3638 1069 3699 post
1086 3648 1143 3685 eum
1162 3633 1286 3703 designa·

175 3712 219 3757 tur
236 3701 392 3755 Germanic:
410 3699 472 3755 iode
489 3698 615 3751 Gordius.
637 3698 686 3749 sub
704 3714 756 3765 quo
775 3698 916 3751 Narcissus
933 3699 960 3751 in
978 3702 1068 3753 urbem
1085 3716 1208 3757 reversus
1226 3720 1285 3757 curu

176 3774 303 3827 ecclesiae
320 3770 480 3835 ministeris,
499 3769 532 3821 sd
549 3782 626 3837 quam
643 3768 840 3834 gubernandam
858 3784 873 3819 e
891 3768 1012 3821 fidelibus
1030 3772 1190 3837 vocabatur,
1201 3772 1284 3827 'obire

175 3860 241 3913 prae
262 3842 337 3894 senio
360 3857 413 3893 non
433 3845 540 3908 posset,
566 3836 715 3890 Alexander
736 3836 835 3907 pridem
861 3836 1028 3893 confessione
1044 3840 1146 3893 Christi
1170 3841 1283 3910 inclitus,

176 3922 231 3967 tum
249 3928 312 3965 sero
331 3910 358 3963 in
378 3909 546 3978 Cappadocia
562 3908 717 3977 episcopus,
741 3924 775 3961 ex
800 3906 963 3981 revolutione
980 3927 996 3962 a
1014 3910 1137 3963 fidelibus
1155 3910 1283 3965 Hieroso·

175 3980 310 4049 lymitanis
332 3980 472 4033 arcessitus
490 3986 548 4045 est,
573 3985 603 4029 ut
621 3992 674 4029 unu
691 3992 748 4029 oum
766 3976 893 4029 Narcisso
918 3978 1053 4033 ecelesiam
1080 3978 1282 4033 administraret.

177 4051 324 4122 Serapione
340 4051 462 4101 defuncto
480 4046 655 4099 Antiochense
671 4046 797 4099 ecclesiae
821 4047 905 4099 factus
928 4055 970 4101 est
989 4048 1158 4119 Asclepiades
1178 4048 1283 4117 episco-

177 4137 241 4191 puss
259 4122 330 4175 cuius
348 4117 542 4171 commentorios
561 4125 666 4167 exstare
683 4125 773 4168 narret
789 4115 929 4171 Eusebius.

280 4192 369 4257 Atque
386 4189 450 4240 haec
469 4186 608 4239 hactenus:
628 4186 691 4251 (12)
708 4186 855 4239 Antoninus
873 4194 958 4239 autem
976 4186 1027 4237 etsi
1044 4192 1202 4255 potestatam
1222 4202 1280 4242 cum

177 4260 261 4313 fratre
276 4260 345 4311 Geta
369 4254 555 4311 communicare
578 4254 735 4319 videbatur,
760 4263 848 4309 tumen
866 4272 896 4311 re
916 4272 982 4309 vera
1001 4253 1072 4307 solus
1090 4254 1278 4313 dominabatur.

177 4338 206 4381 et
222 4344 279 4383 suus
296 4327 429 4383 Britannia
445 4325 565 4381 hostibus
581 4323 670 4378 stetim
686 4341 752 4394 pase
769 4327 855 4395 fectu,
886 4324 957 4393 egris
982 4330 1010 4377 et
1036 4324 1149 4381 castellis
1174 4325 1277 4395 cedens,
