<?xml version="1.0" encoding="UTF-8"?>
<!DOCTYPE html PUBLIC "-//W3C//DTD XHTML 1.0 Transitional//EN"
    "http://www.w3.org/TR/xhtml1/DTD/xhtml1-transitional.dtd">
<html xmlns="http://www.w3.org/1999/xhtml" xml:lang="en" lang="en">
 <head>
  <title>
</title>
<meta http-equiv="Content-Type" content="text/html;charset=utf-8" />
  <meta name='ocr-system' content='tesseract 3.04.00' />
  <meta name='ocr-capabilities' content='ocr_page ocr_carea ocr_par ocr_line ocrx_word'/>
</head>
<body>
  <div class='ocr_page' id='page_1' title='image "./corpusscriptoru42theogoog/corpusscriptoru42theogoog_0189.png"; bbox 0 0 3134 4909; ppageno 0'>
   <div class='ocr_carea' id='block_1_1' title="bbox 527 272 1283 348">
    <p class='ocr_par' dir='ltr' id='par_1_1' title="bbox 527 272 1283 348">
     <span class='ocr_line' id='line_1_1' title="bbox 527 272 1283 348; baseline 0.009 -8"><span class='ocrx_word' id='word_1_1' title='bbox 527 273 741 348; x_wconf 81' lang='lat' dir='ltr'><strong>hNNhLlUM</strong></span> <span class='ocrx_word' id='word_1_2' title='bbox 761 272 843 338; x_wconf 80' lang='lat' dir='ltr'>Vlll</span> <span class='ocrx_word' id='word_1_3' title='bbox 868 273 921 338; x_wconf 77' lang='lat'><strong><em>21.</em></strong></span> <span class='ocrx_word' id='word_1_4' title='bbox 1211 275 1283 347; x_wconf 79' lang='lat'><strong><em>177</em></strong></span> 
     </span>
    </p>
   </div>
   <div class='ocr_carea' id='block_1_2' title="bbox 130 441 1435 2676">
    <p class='ocr_par' dir='ltr' id='par_1_2' title="bbox 174 441 1287 843">
     <span class='ocr_line' id='line_1_2' title="bbox 174 441 1286 532; baseline 0.003 -21"><span class='ocrx_word' id='word_1_5' title='bbox 174 448 230 528; x_wconf 78' lang='grc' dir='ltr'><strong><em>μέν</em></strong></span> <span class='ocrx_word' id='word_1_6' title='bbox 252 445 337 532; x_wconf 80' lang='grc' dir='ltr'><strong><em>παρὰ</em></strong></span> <span class='ocrx_word' id='word_1_7' title='bbox 355 443 410 526; x_wconf 83' lang='grc' dir='ltr'><strong><em>τήν</em></strong></span> <span class='ocrx_word' id='word_1_8' title='bbox 433 441 493 509; x_wconf 75' lang='grc' dir='ltr'><strong><em>ἴσω</em></strong></span> <span class='ocrx_word' id='word_1_9' title='bbox 512 441 677 510; x_wconf 86' lang='grc' dir='ltr'><strong><em>θάλασσαν</em></strong></span> <span class='ocrx_word' id='word_1_10' title='bbox 699 447 751 530; x_wconf 80' lang='grc' dir='ltr'><strong><em>καλ</em></strong></span> <span class='ocrx_word' id='word_1_11' title='bbox 773 443 860 530; x_wconf 80' lang='grc' dir='ltr'><strong><em>παρὰ</em></strong></span> <span class='ocrx_word' id='word_1_12' title='bbox 877 445 932 520; x_wconf 83' lang='grc' dir='ltr'><strong><em>τὰς</em></strong></span> <span class='ocrx_word' id='word_1_13' title='bbox 953 441 1154 530; x_wconf 84' lang='grc' dir='ltr'><strong><em>Ἡρακλείους</em></strong></span> <span class='ocrx_word' id='word_1_14' title='bbox 1170 443 1286 530; x_wconf 77' lang='grc' dir='ltr'><strong><em>στήλας</em></strong></span> 
     </span>
     <span class='ocr_line' id='line_1_3' title="bbox 175 545 1285 634; baseline 0.002 -21"><span class='ocrx_word' id='word_1_15' title='bbox 175 545 228 614; x_wconf 83' lang='grc' dir='ltr'><strong><em>τόν</em></strong></span> <span class='ocrx_word' id='word_1_16' title='bbox 244 573 276 614; x_wconf 88' lang='grc' dir='ltr'><strong><em>τε</em></strong></span> <span class='ocrx_word' id='word_1_17' title='bbox 298 545 441 612; x_wconf 83' lang='grc' dir='ltr'><strong><em>Ὠκεανόν</em></strong></span> <span class='ocrx_word' id='word_1_18' title='bbox 460 546 553 612; x_wconf 84' lang='grc' dir='ltr'><strong><em>αιἰτδν</em></strong></span> <span class='ocrx_word' id='word_1_19' title='bbox 568 545 712 634; x_wconf 87' lang='grc' dir='ltr'><strong><em>προήκει,</em></strong></span> <span class='ocrx_word' id='word_1_20' title='bbox 738 549 790 611; x_wconf 78' lang='grc' dir='ltr'><strong><em>καὶ</em></strong></span> <span class='ocrx_word' id='word_1_21' title='bbox 807 547 930 632; x_wconf 86' lang='grc' dir='ltr'><strong><em>προσέτι</em></strong></span> <span class='ocrx_word' id='word_1_22' title='bbox 947 550 1000 623; x_wconf 73' lang='grc' dir='ltr'><strong><em>καὶ</em></strong></span> <span class='ocrx_word' id='word_1_23' title='bbox 1015 549 1071 630; x_wconf 82' lang='grc' dir='ltr'><strong><em>τὴν</em></strong></span> <span class='ocrx_word' id='word_1_24' title='bbox 1087 547 1211 634; x_wconf 77' lang='grc' dir='ltr'><strong><em>ἤπειρον</em></strong></span> <span class='ocrx_word' id='word_1_25' title='bbox 1227 551 1285 634; x_wconf 84' lang='grc' dir='ltr'><strong><em>τήν</em></strong></span> 
     </span>
     <span class='ocr_line' id='line_1_4' title="bbox 176 649 1287 738; baseline 0.002 -22"><span class='ocrx_word' id='word_1_26' title='bbox 176 651 239 717; x_wconf 83' lang='grc' dir='ltr'><strong><em>άνω</em></strong></span> <span class='ocrx_word' id='word_1_27' title='bbox 264 649 315 715; x_wconf 84' lang='grc' dir='ltr'><strong><em>διὰ</em></strong></span> <span class='ocrx_word' id='word_1_28' title='bbox 340 650 483 714; x_wconf 90' lang='grc' dir='ltr'><strong><em>πλείστου</em></strong></span> <span class='ocrx_word' id='word_1_29' title='bbox 505 649 596 734; x_wconf 82' lang='grc' dir='ltr'><strong><em>μέχρι</em></strong></span> <span class='ocrx_word' id='word_1_30' title='bbox 619 655 676 715; x_wconf 80' lang='grc' dir='ltr'><strong><em>τοῦ</em></strong></span> <span class='ocrx_word' id='word_1_31' title='bbox 692 651 875 734; x_wconf 84' lang='grc' dir='ltr'><strong><em>Πυρηναίου</em></strong></span> <span class='ocrx_word' id='word_1_32' title='bbox 895 652 1024 731; x_wconf 89' lang='grc' dir='ltr'><strong><em>νέμεται.</em></strong></span> <span class='ocrx_word' id='word_1_33' title='bbox 1076 652 1111 717; x_wconf 89' lang='grc' dir='ltr'><strong><em>τδ</em></strong></span> <span class='ocrx_word' id='word_1_34' title='bbox 1136 653 1196 738; x_wconf 81' lang='grc' dir='ltr'><strong><em>γάρ</em></strong></span> <span class='ocrx_word' id='word_1_35' title='bbox 1214 652 1287 738; x_wconf 81' lang='grc' dir='ltr'><strong><em>ὄρος</em></strong></span> 
     </span>
     <span class='ocr_line' id='line_1_5' title="bbox 176 750 1287 843; baseline 0.002 -25"><span class='ocrx_word' id='word_1_36' title='bbox 176 761 266 820; x_wconf 80' lang='grc' dir='ltr'><strong><em>τοῦτο</em></strong></span> <span class='ocrx_word' id='word_1_37' title='bbox 292 754 325 817; x_wconf 90' lang='grc' dir='ltr'><strong><em>ἐκ</em></strong></span> <span class='ocrx_word' id='word_1_38' title='bbox 347 758 402 834; x_wconf 82' lang='grc' dir='ltr'><strong><em>τῆς</em></strong></span> <span class='ocrx_word' id='word_1_39' title='bbox 426 750 592 835; x_wconf 74' lang='grc' dir='ltr'><strong><em>θαλάσσης</em></strong></span> <span class='ocrx_word' id='word_1_40' title='bbox 615 759 669 836; x_wconf 82' lang='grc' dir='ltr'><strong><em>τῆς</em></strong></span> <span class='ocrx_word' id='word_1_41' title='bbox 695 750 793 816; x_wconf 91' lang='grc' dir='ltr'><strong><em>πάλαι</em></strong></span> <span class='ocrx_word' id='word_1_42' title='bbox 814 753 871 835; x_wconf 72' lang='grc' dir='ltr'><strong><em>μὲν</em></strong></span> <span class='ocrx_word' id='word_1_43' title='bbox 897 750 1073 839; x_wconf 83' lang='grc' dir='ltr'><strong><em>Βεβρόκων,</em></strong></span> <span class='ocrx_word' id='word_1_44' title='bbox 1098 751 1226 843; x_wconf 71' lang='grc' dir='ltr'><strong><em>ὕστερον</em></strong></span> <span class='ocrx_word' id='word_1_45' title='bbox 1251 757 1287 821; x_wconf 78' lang='grc' dir='ltr'><strong><em>δέ</em></strong></span> 
     </span>
    </p>

    <p class='ocr_par' dir='ltr' id='par_1_3' title="bbox 149 852 1324 1249">
     <span class='ocr_line' id='line_1_6' title="bbox 149 852 1286 941; baseline 0.001 -20"><span class='ocrx_word' id='word_1_46' title='bbox 149 857 423 940; x_wconf 78' lang='grc' dir='ltr'><strong><em>5Ναρβωνησίων,</em></strong></span> <span class='ocrx_word' id='word_1_47' title='bbox 458 852 628 938; x_wconf 78' lang='grc' dir='ltr'><strong><em>ἀρξάμενον</em></strong></span> <span class='ocrx_word' id='word_1_48' title='bbox 656 857 688 930; x_wconf 90' lang='grc' dir='ltr'><strong><em>ἐς</em></strong></span> <span class='ocrx_word' id='word_1_49' title='bbox 716 855 773 938; x_wconf 83' lang='grc' dir='ltr'><strong><em>τὴν</em></strong></span> <span class='ocrx_word' id='word_1_50' title='bbox 802 853 863 931; x_wconf 68' lang='grc' dir='ltr'><strong><em>ἐξω</em></strong></span> <span class='ocrx_word' id='word_1_51' title='bbox 892 855 948 936; x_wconf 85' lang='grc' dir='ltr'><strong><em>τήν</em></strong></span> <span class='ocrx_word' id='word_1_52' title='bbox 976 855 1111 941; x_wconf 79' lang='grc' dir='ltr'><strong><em>μεγάλην</em></strong></span> <span class='ocrx_word' id='word_1_53' title='bbox 1137 861 1286 939; x_wconf 81' lang='grc' dir='ltr'><strong><em>διατείνει,</em></strong></span> 
     </span>
     <span class='ocr_line' id='line_1_7' title="bbox 174 954 1287 1045; baseline 0.004 -22"><span class='ocrx_word' id='word_1_54' title='bbox 174 956 276 1024; x_wconf 81' lang='grc' dir='ltr'><strong><em>πολλά</em></strong></span> <span class='ocrx_word' id='word_1_55' title='bbox 298 958 354 1038; x_wconf 74' lang='grc' dir='ltr'><strong><em>μὲν</em></strong></span> <span class='ocrx_word' id='word_1_56' title='bbox 379 957 462 1034; x_wconf 81' lang='grc' dir='ltr'><strong><em>ἐντδς</em></strong></span> <span class='ocrx_word' id='word_1_57' title='bbox 487 957 582 1023; x_wconf 76' lang='grc' dir='ltr'><strong><em>αὐτοῦ</em></strong></span> <span class='ocrx_word' id='word_1_58' title='bbox 606 959 656 1022; x_wconf 87' lang='grc' dir='ltr'><strong><em>καλ</em></strong></span> <span class='ocrx_word' id='word_1_59' title='bbox 681 954 838 1040; x_wconf 81' lang='grc' dir='ltr'><strong><em>σδμμικτα</em></strong></span> <span class='ocrx_word' id='word_1_60' title='bbox 859 956 936 1041; x_wconf 76' lang='grc' dir='ltr'><strong><em>ἐθνη</em></strong></span> <span class='ocrx_word' id='word_1_61' title='bbox 954 957 1034 1040; x_wconf 78' lang='grc' dir='ltr'><strong><em>έχον,</em></strong></span> <span class='ocrx_word' id='word_1_62' title='bbox 1059 968 1162 1025; x_wconf 78' lang='grc' dir='ltr'><strong><em>πᾶσαν</em></strong></span> <span class='ocrx_word' id='word_1_63' title='bbox 1181 962 1216 1042; x_wconf 77' lang='grc' dir='ltr'><strong><em>δέ</em></strong></span> <span class='ocrx_word' id='word_1_64' title='bbox 1232 962 1287 1045; x_wconf 80' lang='grc' dir='ltr'><strong><em>τήν</em></strong></span> 
     </span>
     <span class='ocr_line' id='line_1_8' title="bbox 171 1059 1324 1146; baseline 0.004 -21"><span class='ocrx_word' id='word_1_65' title='bbox 171 1059 307 1145; x_wconf 77' lang='grc' dir='ltr'><strong><em>Ἰβηριάν</em></strong></span> <span class='ocrx_word' id='word_1_66' title='bbox 332 1059 392 1124; x_wconf 75' lang='lat' dir='ltr'><strong><em>dub</em></strong></span> <span class='ocrx_word' id='word_1_67' title='bbox 417 1066 472 1142; x_wconf 81' lang='grc' dir='ltr'><strong><em>τῆς</em></strong></span> <span class='ocrx_word' id='word_1_68' title='bbox 496 1061 659 1146; x_wconf 88' lang='grc' dir='ltr'><strong><em>προσοίκου</em></strong></span> <span class='ocrx_word' id='word_1_69' title='bbox 677 1061 834 1136; x_wconf 78' lang='grc' dir='ltr'><strong><em>Γαλατίας</em></strong></span> <span class='ocrx_word' id='word_1_70' title='bbox 859 1060 1016 1146; x_wconf 82' lang='grc' dir='ltr'><strong><em>άφορίζον.</em></strong></span> <span class='ocrx_word' id='word_1_71' title='bbox 1068 1061 1136 1128; x_wconf 70' lang='lat' dir='ltr'><strong>odat</strong></span> <span class='ocrx_word' id='word_1_72' title='bbox 1156 1065 1187 1126; x_wconf 76' lang='grc' dir='ltr'><strong><em>δ’</em></strong></span> <span class='ocrx_word' id='word_1_73' title='bbox 1208 1059 1324 1145; x_wconf 65' lang='lat' dir='ltr'><strong>‹iud-c</strong></span> 
     </span>
     <span class='ocr_line' id='line_1_9' title="bbox 176 1152 1288 1249; baseline 0.003 -22"><span class='ocrx_word' id='word_1_74' title='bbox 176 1188 275 1249; x_wconf 85' lang='grc' dir='ltr'><strong><em>φωνοι</em></strong></span> <span class='ocrx_word' id='word_1_75' title='bbox 302 1152 381 1244; x_wconf 81' lang='grc' dir='ltr'><strong><em>ἦσαν</em></strong></span> <span class='ocrx_word' id='word_1_76' title='bbox 405 1159 473 1226; x_wconf 66' lang='grc' dir='ltr'><strong><em>οὔτε</em></strong></span> <span class='ocrx_word' id='word_1_77' title='bbox 498 1169 583 1247; x_wconf 83' lang='grc' dir='ltr'><strong><em>κοινῇ</em></strong></span> <span class='ocrx_word' id='word_1_78' title='bbox 606 1160 822 1229; x_wconf 74' lang='grc' dir='ltr'><strong><em>ἐπολιτεύοντο.</em></strong></span> <span class='ocrx_word' id='word_1_79' title='bbox 875 1161 950 1229; x_wconf 82' lang='grc' dir='ltr'><strong><em>ὅθεν</em></strong></span> <span class='ocrx_word' id='word_1_80' title='bbox 973 1163 1045 1230; x_wconf 81' lang='grc' dir='ltr'><strong><em>οὗδέ</em></strong></span> <span class='ocrx_word' id='word_1_81' title='bbox 1070 1169 1112 1241; x_wconf 76' lang='grc' dir='ltr'><strong><em>εἰς</em></strong></span> <span class='ocrx_word' id='word_1_82' title='bbox 1137 1161 1171 1228; x_wconf 68' lang='grc' dir='ltr'><strong><em>ἐν</em></strong></span> <span class='ocrx_word' id='word_1_83' title='bbox 1190 1164 1288 1247; x_wconf 84' lang='grc' dir='ltr'><strong><em>ὄνομα</em></strong></span> 
     </span>
    </p>

    <p class='ocr_par' dir='ltr' id='par_1_4' title="bbox 130 1261 1288 1355">
     <span class='ocr_line' id='line_1_10' title="bbox 130 1261 1288 1355; baseline 0.008 -31"><span class='ocrx_word' id='word_1_84' title='bbox 130 1311 136 1324; x_wconf 91' lang='grc'><strong><em>,</em></strong></span> <span class='ocrx_word' id='word_1_85' title='bbox 176 1267 314 1330; x_wconf 84' lang='grc' dir='ltr'><strong><em>ἐτέλουν·</em></strong></span> <span class='ocrx_word' id='word_1_86' title='bbox 350 1263 379 1329; x_wconf 84' lang='lat' dir='ltr'><strong><em>oi</em></strong></span> <span class='ocrx_word' id='word_1_87' title='bbox 395 1264 451 1345; x_wconf 75' lang='grc' dir='ltr'><strong><em>μὲν</em></strong></span> <span class='ocrx_word' id='word_1_88' title='bbox 468 1263 527 1348; x_wconf 83' lang='grc' dir='ltr'><strong><em>γὰρ</em></strong></span> <span class='ocrx_word' id='word_1_89' title='bbox 541 1261 685 1344; x_wconf 79' lang='grc' dir='ltr'><strong><em>Ῥωμαῖοι</em></strong></span> <span class='ocrx_word' id='word_1_90' title='bbox 699 1261 875 1342; x_wconf 83' lang='grc' dir='ltr'><strong><em>Ἱσπανοάς,</em></strong></span> <span class='ocrx_word' id='word_1_91' title='bbox 902 1266 930 1330; x_wconf 78' lang='lat' dir='ltr'><strong><em>oi</em></strong></span> <span class='ocrx_word' id='word_1_92' title='bbox 950 1265 982 1330; x_wconf 80' lang='grc' dir='ltr'><strong><em>δ’</em></strong></span> <span class='ocrx_word' id='word_1_93' title='bbox 1002 1265 1145 1351; x_wconf 88' lang='grc' dir='ltr'><strong><em>Ἕλληνες</em></strong></span> <span class='ocrx_word' id='word_1_94' title='bbox 1162 1266 1288 1355; x_wconf 82' lang='grc' dir='ltr'><strong><em>Ἴβηρας</em></strong></span> 
     </span>
    </p>

    <p class='ocr_par' dir='ltr' id='par_1_5' title="bbox 135 1364 1012 1452">
     <span class='ocr_line' id='line_1_11' title="bbox 135 1364 1012 1452; baseline -0.002 -18"><span class='ocrx_word' id='word_1_95' title='bbox 135 1387 171 1441; x_wconf 87' lang='grc'><strong><em>10</em></strong></span> <span class='ocrx_word' id='word_1_96' title='bbox 179 1367 239 1434; x_wconf 83' lang='grc' dir='ltr'><strong><em>ἀπὸ</em></strong></span> <span class='ocrx_word' id='word_1_97' title='bbox 257 1373 312 1431; x_wconf 79' lang='grc' dir='ltr'><strong><em>τοῦ</em></strong></span> <span class='ocrx_word' id='word_1_98' title='bbox 328 1372 468 1450; x_wconf 85' lang='grc' dir='ltr'><strong><em>ποταμοῦ</em></strong></span> <span class='ocrx_word' id='word_1_99' title='bbox 486 1374 540 1431; x_wconf 81' lang='grc' dir='ltr'><strong><em>τοῦ</em></strong></span> <span class='ocrx_word' id='word_1_100' title='bbox 552 1364 675 1452; x_wconf 80' lang='grc' dir='ltr'><strong><em>Ἴβηρος</em></strong></span> <span class='ocrx_word' id='word_1_101' title='bbox 692 1366 804 1443; x_wconf 77' lang='grc' dir='ltr'><strong><em>αὐτοὺς</em></strong></span> <span class='ocrx_word' id='word_1_102' title='bbox 819 1366 1012 1433; x_wconf 77' lang='grc' dir='ltr'><strong><em>ἐπεκάλεσαν.</em></strong></span> 
     </span>
    </p>

    <p class='ocr_par' dir='ltr' id='par_1_6' title="bbox 173 1458 1291 1862">
     <span class='ocr_line' id='line_1_12' title="bbox 282 1458 1287 1553; baseline 0 -20"><span class='ocrx_word' id='word_1_103' title='bbox 282 1469 321 1534; x_wconf 78' lang='lat' dir='ltr'><strong><em>Oi</em></strong></span> <span class='ocrx_word' id='word_1_104' title='bbox 345 1469 401 1550; x_wconf 72' lang='grc' dir='ltr'><strong><em>μὲν</em></strong></span> <span class='ocrx_word' id='word_1_105' title='bbox 427 1459 481 1532; x_wconf 70' lang='grc' dir='ltr'><strong><em>οὖν</em></strong></span> <span class='ocrx_word' id='word_1_106' title='bbox 500 1465 674 1532; x_wconf 71' lang='grc' dir='ltr'><strong><em>Ζακύνθιοι</em></strong></span> <span class='ocrx_word' id='word_1_107' title='bbox 696 1458 781 1533; x_wconf 76' lang='grc' dir='ltr'><strong><em>οὗτοι</em></strong></span> <span class='ocrx_word' id='word_1_108' title='bbox 803 1471 1044 1553; x_wconf 70' lang='grc' dir='ltr'><strong><em>ἐπολιορκοῦντο,</em></strong></span> <span class='ocrx_word' id='word_1_109' title='bbox 1070 1474 1121 1534; x_wconf 81' lang='grc' dir='ltr'><strong><em>καλ</em></strong></span> <span class='ocrx_word' id='word_1_110' title='bbox 1145 1470 1287 1552; x_wconf 66' lang='grc' dir='ltr'><strong><em>ἔπεμψαν</em></strong></span> 
     </span>
     <span class='ocr_line' id='line_1_13' title="bbox 174 1567 1289 1658; baseline 0 -21"><span class='ocrx_word' id='word_1_111' title='bbox 174 1572 252 1658; x_wconf 83' lang='grc' dir='ltr'><strong><em>πρὸς</em></strong></span> <span class='ocrx_word' id='word_1_112' title='bbox 269 1571 342 1647; x_wconf 87' lang='grc' dir='ltr'><strong><em>τοδς</em></strong></span> <span class='ocrx_word' id='word_1_113' title='bbox 358 1571 528 1657; x_wconf 83' lang='grc' dir='ltr'><strong><em>περιοίκους</em></strong></span> <span class='ocrx_word' id='word_1_114' title='bbox 538 1573 595 1636; x_wconf 82' lang='grc' dir='ltr'><strong><em>καλ</em></strong></span> <span class='ocrx_word' id='word_1_115' title='bbox 612 1570 689 1656; x_wconf 81' lang='grc' dir='ltr'><strong><em>πρὸς</em></strong></span> <span class='ocrx_word' id='word_1_116' title='bbox 705 1569 778 1647; x_wconf 86' lang='grc' dir='ltr'><strong><em>τοδς</em></strong></span> <span class='ocrx_word' id='word_1_117' title='bbox 797 1567 967 1653; x_wconf 83' lang='grc' dir='ltr'><strong><em>Ῥωμαίους</em></strong></span> <span class='ocrx_word' id='word_1_118' title='bbox 991 1574 1165 1656; x_wconf 79' lang='grc' dir='ltr'><strong><em>ἐπικουρίας</em></strong></span> <span class='ocrx_word' id='word_1_119' title='bbox 1181 1569 1289 1653; x_wconf 84' lang='grc' dir='ltr'><strong><em>δεόμε·</em></strong></span> 
     </span>
     <span class='ocr_line' id='line_1_14' title="bbox 173 1669 1291 1759; baseline -0.001 -20"><span class='ocrx_word' id='word_1_120' title='bbox 173 1697 233 1739; x_wconf 92' lang='grc' dir='ltr'><strong><em>νοι.</em></strong></span> <span class='ocrx_word' id='word_1_121' title='bbox 267 1671 346 1738; x_wconf 78' lang='grc' dir='ltr'><strong><em>ἀλλὰ</em></strong></span> <span class='ocrx_word' id='word_1_122' title='bbox 364 1672 436 1749; x_wconf 86' lang='grc' dir='ltr'><strong><em>τοδς</em></strong></span> <span class='ocrx_word' id='word_1_123' title='bbox 452 1673 508 1754; x_wconf 77' lang='grc' dir='ltr'><strong><em>μὲν</em></strong></span> <span class='ocrx_word' id='word_1_124' title='bbox 526 1669 693 1754; x_wconf 77' lang='grc' dir='ltr'><strong><em>δ’Λννίβας</em></strong></span> <span class='ocrx_word' id='word_1_125' title='bbox 710 1669 870 1752; x_wconf 81' lang='grc' dir='ltr'><strong><em>ἐκώλυσεν,</em></strong></span> <span class='ocrx_word' id='word_1_126' title='bbox 893 1673 922 1737; x_wconf 85' lang='lat' dir='ltr'><strong><em>oi</em></strong></span> <span class='ocrx_word' id='word_1_127' title='bbox 940 1674 974 1738; x_wconf 80' lang='grc' dir='ltr'><strong><em>δὲ</em></strong></span> <span class='ocrx_word' id='word_1_128' title='bbox 986 1670 1132 1755; x_wconf 79' lang='grc' dir='ltr'><strong><em>Ῥωμαῖοι</em></strong></span> <span class='ocrx_word' id='word_1_129' title='bbox 1148 1674 1291 1759; x_wconf 85' lang='grc' dir='ltr'><strong><em>πρέσβεις</em></strong></span> 
     </span>
     <span class='ocr_line' id='line_1_15' title="bbox 175 1771 1289 1862; baseline 0 -22"><span class='ocrx_word' id='word_1_130' title='bbox 175 1776 254 1862; x_wconf 85' lang='grc' dir='ltr'><strong><em>πρὸς</em></strong></span> <span class='ocrx_word' id='word_1_131' title='bbox 283 1777 393 1841; x_wconf 83' lang='grc' dir='ltr'><strong><em>ἐκεῖνον</em></strong></span> <span class='ocrx_word' id='word_1_132' title='bbox 418 1775 593 1858; x_wconf 72' lang='grc' dir='ltr'><strong><em>πέμψαντες</em></strong></span> <span class='ocrx_word' id='word_1_133' title='bbox 617 1775 660 1858; x_wconf 82' lang='grc' dir='ltr'><strong><em>μή</em></strong></span> <span class='ocrx_word' id='word_1_134' title='bbox 684 1771 821 1854; x_wconf 84' lang='grc' dir='ltr'><strong><em>πελάζειν</em></strong></span> <span class='ocrx_word' id='word_1_135' title='bbox 844 1785 909 1851; x_wconf 81' lang='grc' dir='ltr'><strong><em>τοῖς</em></strong></span> <span class='ocrx_word' id='word_1_136' title='bbox 932 1776 1121 1851; x_wconf 84' lang='grc' dir='ltr'><strong><em>Ζακυνθίοις</em></strong></span> <span class='ocrx_word' id='word_1_137' title='bbox 1143 1776 1289 1854; x_wconf 83' lang='grc' dir='ltr'><strong><em>ἐκέλευον,</em></strong></span> 
     </span>
    </p>

    <p class='ocr_par' dir='ltr' id='par_1_7' title="bbox 135 1875 1357 2374">
     <span class='ocr_line' id='line_1_16' title="bbox 135 1875 1290 1964; baseline 0 -21"><span class='ocrx_word' id='word_1_138' title='bbox 135 1895 170 1949; x_wconf 70' lang='lat'><strong><em>15</em></strong></span> <span class='ocrx_word' id='word_1_139' title='bbox 178 1879 233 1943; x_wconf 88' lang='grc' dir='ltr'><strong><em>καλ</em></strong></span> <span class='ocrx_word' id='word_1_140' title='bbox 248 1880 275 1942; x_wconf 80' lang='grc' dir='ltr'><strong><em>ελ</em></strong></span> <span class='ocrx_word' id='word_1_141' title='bbox 290 1876 335 1961; x_wconf 76' lang='grc' dir='ltr'><strong><em>μή</em></strong></span> <span class='ocrx_word' id='word_1_142' title='bbox 351 1877 507 1955; x_wconf 86' lang='grc' dir='ltr'><strong><em>πείθοιτο,</em></strong></span> <span class='ocrx_word' id='word_1_143' title='bbox 539 1877 571 1953; x_wconf 86' lang='grc' dir='ltr'><strong><em>ἐς</em></strong></span> <span class='ocrx_word' id='word_1_144' title='bbox 588 1878 644 1960; x_wconf 85' lang='grc' dir='ltr'><strong><em>τήν</em></strong></span> <span class='ocrx_word' id='word_1_145' title='bbox 661 1875 850 1964; x_wconf 78' lang='grc' dir='ltr'><strong><em>Καρχηδόνα</em></strong></span> <span class='ocrx_word' id='word_1_146' title='bbox 865 1884 995 1944; x_wconf 75' lang='grc' dir='ltr'><strong><em>πλεῦσαι</em></strong></span> <span class='ocrx_word' id='word_1_147' title='bbox 1013 1876 1109 1953; x_wconf 81' lang='grc' dir='ltr'><strong><em>εδθδς</em></strong></span> <span class='ocrx_word' id='word_1_148' title='bbox 1125 1881 1178 1942; x_wconf 76' lang='lat' dir='ltr'><strong><em>xci</em></strong></span> <span class='ocrx_word' id='word_1_149' title='bbox 1194 1903 1290 1961; x_wconf 90' lang='grc' dir='ltr'><strong><em>κατη-</em></strong></span> 
     </span>
     <span class='ocr_line' id='line_1_17' title="bbox 176 1976 1289 2066; baseline -0.002 -19"><span class='ocrx_word' id='word_1_150' title='bbox 176 1987 309 2066; x_wconf 82' lang='grc' dir='ltr'><strong><em>γορῆσαι</em></strong></span> <span class='ocrx_word' id='word_1_151' title='bbox 334 1979 429 2045; x_wconf 75' lang='grc' dir='ltr'><strong><em>αὐτοῦ</em></strong></span> <span class='ocrx_word' id='word_1_152' title='bbox 452 1981 665 2064; x_wconf 84' lang='grc' dir='ltr'><strong><em>ἐπηπείλησαν.</em></strong></span> <span class='ocrx_word' id='word_1_153' title='bbox 716 1976 733 2044; x_wconf 85' lang='grc' dir='ltr'><strong><em>δ</em></strong></span> <span class='ocrx_word' id='word_1_154' title='bbox 761 1980 794 2045; x_wconf 81' lang='grc' dir='ltr'><strong><em>δ’</em></strong></span> <span class='ocrx_word' id='word_1_155' title='bbox 816 1979 957 2061; x_wconf 81' lang='grc' dir='ltr'><strong><em>Ἀννίβας</em></strong></span> <span class='ocrx_word' id='word_1_156' title='bbox 979 1983 1012 2044; x_wconf 85' lang='grc' dir='ltr'><strong><em>ἐκ</em></strong></span> <span class='ocrx_word' id='word_1_157' title='bbox 1037 1986 1099 2044; x_wconf 77' lang='grc' dir='ltr'><strong><em>τοῖν</em></strong></span> <span class='ocrx_word' id='word_1_158' title='bbox 1120 1981 1289 2065; x_wconf 83' lang='grc' dir='ltr'><strong><em>ἐπιχωρίων</em></strong></span> 
     </span>
     <span class='ocr_line' id='line_1_18' title="bbox 177 2077 1357 2170; baseline 0.002 -24"><span class='ocrx_word' id='word_1_159' title='bbox 177 2084 306 2167; x_wconf 82' lang='grc' dir='ltr'><strong><em>πέμψας</em></strong></span> <span class='ocrx_word' id='word_1_160' title='bbox 329 2081 412 2158; x_wconf 85' lang='grc' dir='ltr'><strong><em>τινδς</em></strong></span> <span class='ocrx_word' id='word_1_161' title='bbox 437 2077 481 2158; x_wconf 79' lang='grc' dir='ltr'><strong><em>ὡς</em></strong></span> <span class='ocrx_word' id='word_1_162' title='bbox 504 2081 623 2148; x_wconf 79' lang='grc' dir='ltr'><strong><em>εάνοιαν</em></strong></span> <span class='ocrx_word' id='word_1_163' title='bbox 639 2089 808 2170; x_wconf 80' lang='grc' dir='ltr'><strong><em>τηροῦντας</em></strong></span> <span class='ocrx_word' id='word_1_164' title='bbox 825 2094 889 2159; x_wconf 85' lang='grc' dir='ltr'><strong><em>τοῖς</em></strong></span> <span class='ocrx_word' id='word_1_165' title='bbox 906 2083 1069 2166; x_wconf 82' lang='grc' dir='ltr'><strong><em>πρέσβεσιν</em></strong></span> <span class='ocrx_word' id='word_1_166' title='bbox 1085 2081 1146 2165; x_wconf 81' lang='grc' dir='ltr'><strong><em>ήδη</em></strong></span> <span class='ocrx_word' id='word_1_167' title='bbox 1163 2086 1290 2166; x_wconf 87' lang='grc' dir='ltr'><strong><em>πλησίον</em></strong></span> <span class='ocrx_word' id='word_1_168' title='bbox 1354 2161 1357 2166; x_wconf 22' lang='lat'>¹</span> 
     </span>
     <span class='ocr_line' id='line_1_19' title="bbox 176 2169 1329 2272; baseline 0.002 -22"><span class='ocrx_word' id='word_1_169' title='bbox 176 2176 246 2251; x_wconf 75' lang='grc' dir='ltr'><strong><em>οὖσι</em></strong></span> <span class='ocrx_word' id='word_1_170' title='bbox 263 2181 469 2272; x_wconf 86' lang='grc' dir='ltr'><strong><em>παρεσκεάασε</em></strong></span> <span class='ocrx_word' id='word_1_171' title='bbox 485 2169 580 2270; x_wconf 70' lang='grc' dir='ltr'><strong><em>λέγειν</em></strong></span> <span class='ocrx_word' id='word_1_172' title='bbox 593 2185 696 2261; x_wconf 80' lang='grc' dir='ltr'><strong><em>αὐτοῖς</em></strong></span> <span class='ocrx_word' id='word_1_173' title='bbox 708 2185 752 2268; x_wconf 83' lang='grc' dir='ltr'><strong><em>μή</em></strong></span> <span class='ocrx_word' id='word_1_174' title='bbox 765 2195 905 2272; x_wconf 76' lang='grc' dir='ltr'><strong><em>παρεῖναι</em></strong></span> <span class='ocrx_word' id='word_1_175' title='bbox 917 2185 970 2251; x_wconf 90' lang='grc' dir='ltr'><strong><em>τδν</em></strong></span> <span class='ocrx_word' id='word_1_176' title='bbox 982 2184 1162 2272; x_wconf 85' lang='grc' dir='ltr'><strong><em>στρατηγόν,</em></strong></span> <span class='ocrx_word' id='word_1_177' title='bbox 1180 2183 1287 2269; x_wconf 84' lang='grc' dir='ltr'><strong><em>πόρρω</em></strong></span> <span class='ocrx_word' id='word_1_178' title='bbox 1304 2201 1329 2252; x_wconf 88' lang='grc' dir='ltr'><strong><em>Ι)</em></strong></span> 
     </span>
     <span class='ocr_line' id='line_1_20' title="bbox 176 2285 1344 2374; baseline -0.003 -21"><span class='ocrx_word' id='word_1_179' title='bbox 176 2312 237 2353; x_wconf 90' lang='grc' dir='ltr'><strong><em>που</em></strong></span> <span class='ocrx_word' id='word_1_180' title='bbox 261 2290 293 2366; x_wconf 83' lang='grc' dir='ltr'><strong><em>ἐς</em></strong></span> <span class='ocrx_word' id='word_1_181' title='bbox 316 2285 457 2372; x_wconf 84' lang='grc' dir='ltr'><strong><em>άγνωστα</em></strong></span> <span class='ocrx_word' id='word_1_182' title='bbox 480 2289 581 2374; x_wconf 75' lang='grc' dir='ltr'><strong><em>χωρία</em></strong></span> <span class='ocrx_word' id='word_1_183' title='bbox 600 2285 853 2370; x_wconf 79' lang='grc' dir='ltr'><strong><em>ἀποδημήσαντα.</em></strong></span> <span class='ocrx_word' id='word_1_184' title='bbox 906 2291 958 2352; x_wconf 83' lang='grc' dir='ltr'><strong><em>καλ</em></strong></span> <span class='ocrx_word' id='word_1_185' title='bbox 973 2285 1133 2372; x_wconf 82' lang='grc' dir='ltr'><strong><em>παρήνουν</em></strong></span> <span class='ocrx_word' id='word_1_186' title='bbox 1150 2285 1289 2350; x_wconf 83' lang='grc' dir='ltr'><strong><em>άπαλλα-</em></strong></span> <span class='ocrx_word' id='word_1_187' title='bbox 1340 2299 1344 2305; x_wconf 84' lang='grc'><strong>“</strong></span> 
     </span>
    </p>

    <p class='ocr_par' dir='ltr' id='par_1_8' title="bbox 135 2385 1435 2676">
     <span class='ocr_line' id='line_1_21' title="bbox 135 2385 1291 2474; baseline -0.003 -21"><span class='ocrx_word' id='word_1_188' title='bbox 135 2397 270 2474; x_wconf 67' lang='grc' dir='ltr'><strong><em>ηογῆναι</em></strong></span> <span class='ocrx_word' id='word_1_189' title='bbox 289 2387 330 2465; x_wconf 78' lang='grc' dir='ltr'><strong><em>ὥς</em></strong></span> <span class='ocrx_word' id='word_1_190' title='bbox 350 2387 497 2470; x_wconf 82' lang='grc' dir='ltr'><strong><em>τάχιστα,</em></strong></span> <span class='ocrx_word' id='word_1_191' title='bbox 521 2391 592 2474; x_wconf 80' lang='grc' dir='ltr'><strong><em>πρὶν</em></strong></span> <span class='ocrx_word' id='word_1_192' title='bbox 609 2394 842 2471; x_wconf 84' lang='grc' dir='ltr'><strong><em>καταγγελθεῖεν</em></strong></span> <span class='ocrx_word' id='word_1_193' title='bbox 859 2385 901 2464; x_wconf 81' lang='grc' dir='ltr'><strong><em>ὦς</em></strong></span> <span class='ocrx_word' id='word_1_194' title='bbox 918 2387 1068 2473; x_wconf 87' lang='grc' dir='ltr'><strong><em>πάρεισιν,</em></strong></span> <span class='ocrx_word' id='word_1_195' title='bbox 1091 2391 1145 2450; x_wconf 68' lang='grc' dir='ltr'><strong><em>ἰ’να</em></strong></span> <span class='ocrx_word' id='word_1_196' title='bbox 1167 2386 1210 2469; x_wconf 84' lang='grc' dir='ltr'><strong><em>μή</em></strong></span> <span class='ocrx_word' id='word_1_197' title='bbox 1239 2388 1291 2450; x_wconf 82' lang='grc' dir='ltr'><strong><em>διδ</em></strong></span> 
     </span>
     <span class='ocr_line' id='line_1_22' title="bbox 179 2486 1292 2574; baseline -0.004 -20"><span class='ocrx_word' id='word_1_198' title='bbox 179 2491 236 2572; x_wconf 81' lang='grc' dir='ltr'><strong><em>τήν</em></strong></span> <span class='ocrx_word' id='word_1_199' title='bbox 254 2491 410 2574; x_wconf 76' lang='grc' dir='ltr'><strong><em>ἀναρχίαν,</em></strong></span> <span class='ocrx_word' id='word_1_200' title='bbox 431 2497 486 2555; x_wconf 81' lang='grc' dir='ltr'><strong><em>τοῦ</em></strong></span> <span class='ocrx_word' id='word_1_201' title='bbox 504 2495 678 2573; x_wconf 78' lang='grc' dir='ltr'><strong><em>στρατηγοῦ</em></strong></span> <span class='ocrx_word' id='word_1_202' title='bbox 692 2488 737 2570; x_wconf 81' lang='grc' dir='ltr'><strong><em>μή</em></strong></span> <span class='ocrx_word' id='word_1_203' title='bbox 755 2486 923 2569; x_wconf 85' lang='grc' dir='ltr'><strong><em>παρόντος,</em></strong></span> <span class='ocrx_word' id='word_1_204' title='bbox 949 2487 1132 2552; x_wconf 80' lang='grc' dir='ltr'><strong><em>ἀπόλωνται.</em></strong></span> <span class='ocrx_word' id='word_1_205' title='bbox 1184 2487 1213 2552; x_wconf 79' lang='lat' dir='ltr'><strong><em>oi</em></strong></span> <span class='ocrx_word' id='word_1_206' title='bbox 1236 2489 1292 2566; x_wconf 75' lang='grc' dir='ltr'><strong><em>μὲν</em></strong></span> 
     </span>
     <span class='ocr_line' id='line_1_23' title="bbox 179 2583 1435 2676; baseline -0.002 -18"><span class='ocrx_word' id='word_1_207' title='bbox 179 2583 235 2658; x_wconf 73' lang='lat' dir='ltr'><strong>uir</strong></span> <span class='ocrx_word' id='word_1_208' title='bbox 256 2586 471 2676; x_wconf 74' lang='grc' dir='ltr'><strong><em>πιστεύσαντες</em></strong></span> <span class='ocrx_word' id='word_1_209' title='bbox 493 2589 596 2666; x_wconf 74' lang='grc' dir='ltr'><strong><em>αὐτοῖς</em></strong></span> <span class='ocrx_word' id='word_1_210' title='bbox 613 2595 654 2667; x_wconf 79' lang='grc' dir='ltr'><strong><em>είς</em></strong></span> <span class='ocrx_word' id='word_1_211' title='bbox 671 2591 727 2674; x_wconf 84' lang='grc' dir='ltr'><strong><em>τὴν</em></strong></span> <span class='ocrx_word' id='word_1_212' title='bbox 746 2589 933 2676; x_wconf 80' lang='grc' dir='ltr'><strong><em>Καρχηδόνα</em></strong></span> <span class='ocrx_word' id='word_1_213' title='bbox 950 2588 1103 2676; x_wconf 82' lang='grc' dir='ltr'><strong><em>ἀπῄεσαν·</em></strong></span> <span class='ocrx_word' id='word_1_214' title='bbox 1128 2595 1288 2673; x_wconf 77' lang='grc' dir='ltr'><strong><em>γενομένης</em></strong></span> <span class='ocrx_word' id='word_1_215' title='bbox 1304 2607 1341 2662; x_wconf 82' lang='lat' dir='ltr'><strong>w</strong></span> <span class='ocrx_word' id='word_1_216' title='bbox 1356 2608 1386 2664; x_wconf 87' lang='lat'><strong><em>11</em></strong></span> <span class='ocrx_word' id='word_1_217' title='bbox 1402 2610 1435 2668; x_wconf 69' lang='grc' dir='ltr'><strong><em>τι</em></strong></span> 
     </span>
    </p>
   </div>
   <div class='ocr_carea' id='block_1_3' title="bbox 209 2807 1296 3089">
    <p class='ocr_par' dir='ltr' id='par_1_9' title="bbox 209 2807 1296 3089">
     <span class='ocr_line' id='line_1_24' title="bbox 209 2807 1292 2884; baseline -0.002 -12"><span class='ocrx_word' id='word_1_218' title='bbox 209 2812 212 2817; x_wconf 66' lang='grc'><strong>’</strong></span> <span class='ocrx_word' id='word_1_219' title='bbox 248 2809 371 2872; x_wconf 65' lang='lat' dir='ltr'><strong>haniaria</strong></span> <span class='ocrx_word' id='word_1_220' title='bbox 388 2833 430 2870; x_wconf 85' lang='lat' dir='ltr'><strong>orn</strong></span> <span class='ocrx_word' id='word_1_221' title='bbox 447 2815 481 2871; x_wconf 81' lang='lat' dir='ltr'><strong><em>C.</em></strong></span> <span class='ocrx_word' id='word_1_222' title='bbox 551 2809 617 2872; x_wconf 65' lang='lat'><strong><em>320·</em></strong></span> <span class='ocrx_word' id='word_1_223' title='bbox 635 2809 688 2884; x_wconf 81' lang='grc' dir='ltr'><strong><em>γάρ</em></strong></span> <span class='ocrx_word' id='word_1_224' title='bbox 705 2807 773 2881; x_wconf 74' lang='grc' dir='ltr'><strong><em>ὅρος</em></strong></span> <span class='ocrx_word' id='word_1_225' title='bbox 790 2844 824 2856; x_wconf 86' lang='grc'><strong>-</strong></span> <span class='ocrx_word' id='word_1_226' title='bbox 841 2813 858 2867; x_wconf 84' lang='grc'><strong>7</strong></span> <span class='ocrx_word' id='word_1_227' title='bbox 875 2809 1014 2884; x_wconf 75' lang='grc' dir='ltr'><strong><em>άφορίζον</em></strong></span> <span class='ocrx_word' id='word_1_228' title='bbox 1031 2815 1292 2870; x_wconf 73' lang='grc' dir='ltr'><strong><em>οιθλοιιοΤπειποιι</em></strong></span> 
     </span>
     <span class='ocr_line' id='line_1_25' title="bbox 247 2881 1296 2954; baseline -0.001 -15"><span class='ocrx_word' id='word_1_229' title='bbox 247 2885 280 2940; x_wconf 80' lang='lat' dir='ltr'><strong><em>nd</em></strong></span> <span class='ocrx_word' id='word_1_230' title='bbox 301 2884 486 2954; x_wconf 72' lang='lat' dir='ltr'><strong>Lycophronis</strong></span> <span class='ocrx_word' id='word_1_231' title='bbox 510 2902 539 2940; x_wconf 85' lang='grc' dir='ltr'><strong><em>ν.</em></strong></span> <span class='ocrx_word' id='word_1_232' title='bbox 560 2883 613 2938; x_wconf 82' lang='grc'><strong><em>516</em></strong></span> <span class='ocrx_word' id='word_1_233' title='bbox 638 2889 667 2938; x_wconf 86' lang='lat' dir='ltr'><strong><em>at</em></strong></span> <span class='ocrx_word' id='word_1_234' title='bbox 691 2884 760 2938; x_wconf 76' lang='lat'><strong>1304</strong></span> <span class='ocrx_word' id='word_1_235' title='bbox 785 2886 858 2952; x_wconf 70' lang='lat' dir='ltr'><strong>(cxc.</strong></span> <span class='ocrx_word' id='word_1_236' title='bbox 876 2886 966 2938; x_wconf 83' lang='lat' dir='ltr'><strong>Vaios.</strong></span> <span class='ocrx_word' id='word_1_237' title='bbox 984 2885 1024 2953; x_wconf 82' lang='lat'><strong><em>6).</em></strong></span> <span class='ocrx_word' id='word_1_238' title='bbox 1134 2881 1224 2942; x_wconf 81' lang='grc' dir='ltr'><strong><em>’λάπδ</em></strong></span> <span class='ocrx_word' id='word_1_239' title='bbox 1243 2887 1296 2939; x_wconf 81' lang='grc' dir='ltr'><strong><em>τοῦ</em></strong></span> 
     </span>
     <span class='ocr_line' id='line_1_26' title="bbox 247 2947 1293 3022; baseline -0.002 -13"><span class='ocrx_word' id='word_1_240' title='bbox 247 2953 390 3022; x_wconf 86' lang='grc' dir='ltr'><strong><em>προσήκου</em></strong></span> <span class='ocrx_word' id='word_1_241' title='bbox 408 2949 582 3021; x_wconf 80' lang='grc' dir='ltr'><strong><em>γαλάταιςλ.</em></strong></span> <span class='ocrx_word' id='word_1_242' title='bbox 655 2954 690 3007; x_wconf 91' lang='grc'><strong><em>10</em></strong></span> <span class='ocrx_word' id='word_1_243' title='bbox 706 2953 817 3006; x_wconf 81' lang='lat' dir='ltr'><strong>alterurn</strong></span> <span class='ocrx_word' id='word_1_244' title='bbox 830 2952 883 3006; x_wconf 77' lang='lat' dir='ltr'><strong>cori</strong></span> <span class='ocrx_word' id='word_1_245' title='bbox 899 2955 951 3008; x_wconf 83' lang='lat' dir='ltr'><strong><em>add</em></strong></span> <span class='ocrx_word' id='word_1_246' title='bbox 969 2955 1001 3011; x_wconf 83' lang='lat' dir='ltr'><strong><em>C.</em></strong></span> <span class='ocrx_word' id='word_1_247' title='bbox 1071 2947 1246 3009; x_wconf 83' lang='grc' dir='ltr'><strong><em>άπεκάλεσαν</em></strong></span> <span class='ocrx_word' id='word_1_248' title='bbox 1259 2957 1293 3009; x_wconf 82' lang='grc' dir='ltr'><strong><em>Α.</em></strong></span> 
     </span>
     <span class='ocr_line' id='line_1_27' title="bbox 246 3017 877 3089; baseline -0.002 -12"><span class='ocrx_word' id='word_1_249' title='bbox 246 3023 281 3079; x_wconf 92' lang='grc'><strong><em>17</em></strong></span> <span class='ocrx_word' id='word_1_250' title='bbox 299 3017 379 3085; x_wconf 73' lang='grc' dir='ltr'><strong><em>τινάς</em></strong></span> <span class='ocrx_word' id='word_1_251' title='bbox 395 3039 435 3076; x_wconf 85' lang='lat' dir='ltr'><strong><em>om</em></strong></span> <span class='ocrx_word' id='word_1_252' title='bbox 455 3023 487 3078; x_wconf 84' lang='grc' dir='ltr'><strong><em>Α.</em></strong></span> <span class='ocrx_word' id='word_1_253' title='bbox 592 3020 627 3075; x_wconf 87' lang='grc'><strong><em>18</em></strong></span> <span class='ocrx_word' id='word_1_254' title='bbox 643 3017 829 3089; x_wconf 74' lang='grc' dir='ltr'><strong><em>παρεσκεύαζε</em></strong></span> <span class='ocrx_word' id='word_1_255' title='bbox 846 3021 877 3077; x_wconf 88' lang='grc' dir='ltr'><strong><em>Β.</em></strong></span> 
     </span>
    </p>
   </div>
   <div class='ocr_carea' id='block_1_4' title="bbox 178 3220 1370 4325">
    <p class='ocr_par' dir='ltr' id='par_1_10' title="bbox 178 3220 1296 3571">
     <span class='ocr_line' id='line_1_28' title="bbox 179 3220 1295 3305; baseline -0.004 -25"><span class='ocrx_word' id='word_1_256' title='bbox 179 3231 208 3280; x_wconf 85' lang='lat' dir='ltr'><strong><em>ot</em></strong></span> <span class='ocrx_word' id='word_1_257' title='bbox 226 3225 358 3278; x_wconf 76' lang='lat' dir='ltr'><strong>Oceanum</strong></span> <span class='ocrx_word' id='word_1_258' title='bbox 382 3225 461 3294; x_wconf 75' lang='lat' dir='ltr'><strong>longo</strong></span> <span class='ocrx_word' id='word_1_259' title='bbox 484 3223 617 3294; x_wconf 77' lang='lat' dir='ltr'>excurrit,</span> <span class='ocrx_word' id='word_1_260' title='bbox 642 3231 725 3295; x_wconf 81' lang='lat' dir='ltr'><strong>atquo</strong></span> <span class='ocrx_word' id='word_1_261' title='bbox 747 3225 827 3279; x_wconf 82' lang='lat' dir='ltr'><strong>ctiam</strong></span> <span class='ocrx_word' id='word_1_262' title='bbox 844 3224 1020 3277; x_wconf 80' lang='lat' dir='ltr'><strong>continentem</strong></span> <span class='ocrx_word' id='word_1_263' title='bbox 1036 3220 1188 3305; x_wconf 71' lang='lat' dir='ltr'><strong>longissimo</strong></span> <span class='ocrx_word' id='word_1_264' title='bbox 1203 3227 1295 3276; x_wconf 80' lang='lat' dir='ltr'><strong>tractu</strong></span> 
     </span>
     <span class='ocr_line' id='line_1_29' title="bbox 179 3289 1294 3366; baseline -0.006 -18"><span class='ocrx_word' id='word_1_265' title='bbox 179 3311 264 3362; x_wconf 87' lang='lat' dir='ltr'><strong>usquc</strong></span> <span class='ocrx_word' id='word_1_266' title='bbox 281 3293 315 3347; x_wconf 87' lang='lat' dir='ltr'><strong><em>ad</em></strong></span> <span class='ocrx_word' id='word_1_267' title='bbox 332 3299 432 3346; x_wconf 82' lang='lat' dir='ltr'><strong>montes</strong></span> <span class='ocrx_word' id='word_1_268' title='bbox 448 3293 602 3361; x_wconf 77' lang='lat' dir='ltr'><strong>Pyrenaeos</strong></span> <span class='ocrx_word' id='word_1_269' title='bbox 620 3312 684 3348; x_wconf 89' lang='lat' dir='ltr'><strong>occu</strong></span> <span class='ocrx_word' id='word_1_270' title='bbox 703 3302 745 3348; x_wconf 81' lang='lat' dir='ltr'><strong><em>at:</em></strong></span> <span class='ocrx_word' id='word_1_271' title='bbox 769 3295 817 3366; x_wconf 86' lang='lat' dir='ltr'><strong>qui</strong></span> <span class='ocrx_word' id='word_1_272' title='bbox 833 3310 850 3345; x_wconf 83' lang='lat' dir='ltr'><strong>a</strong></span> <span class='ocrx_word' id='word_1_273' title='bbox 866 3292 947 3358; x_wconf 87' lang='lat' dir='ltr'><strong>mari,</strong></span> <span class='ocrx_word' id='word_1_274' title='bbox 971 3289 1041 3360; x_wconf 84' lang='lat' dir='ltr'><strong>quod</strong></span> <span class='ocrx_word' id='word_1_275' title='bbox 1059 3291 1118 3362; x_wconf 80' lang='lat' dir='ltr'><strong>ohru</strong></span> <span class='ocrx_word' id='word_1_276' title='bbox 1135 3290 1294 3356; x_wconf 80' lang='lat' dir='ltr'><strong>Bebrycium</strong></span> 
     </span>
     <span class='ocr_line' id='line_1_30' title="bbox 179 3314 1296 3432; baseline -0.007 -16"><span class='ocrx_word' id='word_1_277' title='bbox 179 3363 327 3427; x_wconf 78' lang='lat' dir='ltr'><strong>dicebatur,</strong></span> <span class='ocrx_word' id='word_1_278' title='bbox 345 3369 406 3432; x_wconf 87' lang='lat' dir='ltr'><strong>post</strong></span> <span class='ocrx_word' id='word_1_279' title='bbox 423 3363 632 3417; x_wconf 65' lang='lat' dir='ltr'>Narbonensem</span> <span class='ocrx_word' id='word_1_280' title='bbox 652 3314 776 3432; x_wconf 67' lang='lat' dir='ltr'><strong>podatum</strong></span> <span class='ocrx_word' id='word_1_281' title='bbox 794 3371 852 3428; x_wconf 83' lang='lat' dir='ltr'><strong>ost,</strong></span> <span class='ocrx_word' id='word_1_282' title='bbox 870 3361 1002 3430; x_wconf 82' lang='lat' dir='ltr'><strong>usquead</strong></span> <span class='ocrx_word' id='word_1_283' title='bbox 1021 3359 1137 3412; x_wconf 77' lang='lat' dir='ltr'><strong>exterius</strong></span> <span class='ocrx_word' id='word_1_284' title='bbox 1155 3375 1226 3410; x_wconf 84' lang='lat' dir='ltr'><strong>maro</strong></span> <span class='ocrx_word' id='word_1_285' title='bbox 1242 3373 1296 3408; x_wconf 87' lang='lat' dir='ltr'><strong><em>ma-</em></strong></span> 
     </span>
     <span class='ocr_line' id='line_1_31' title="bbox 178 3425 1296 3571; baseline -0.007 -17"><span class='ocrx_word' id='word_1_286' title='bbox 178 3430 797 3571; x_wconf 62' lang='lat' dir='ltr'><strong>nnrunuu‘uu.unuin</strong></span> <span class='ocrx_word' id='word_1_287' title='bbox 814 3426 1189 3565; x_wconf 49' lang='lat' dir='ltr'><strong>duumuir&amp;</strong></span> <span class='ocrx_word' id='word_1_288' title='bbox 1208 3425 1296 3547; x_wconf 67' lang='lat' dir='ltr'><strong><em>un</em></strong></span> 
     </span>
     <span class='ocr_line' id='line_1_32' title="bbox 799 3537 807 3563; baseline 0 0"><span class='ocrx_word' id='word_1_289' title='bbox 799 3537 807 3563; x_wconf 73' lang='lat' dir='ltr'><strong>i</strong></span> 
     </span>
    </p>

    <p class='ocr_par' dir='ltr' id='par_1_11' title="bbox 178 3563 1370 3707">
     <span class='ocr_line' id='line_1_33' title="bbox 179 3563 1365 3638; baseline -0.006 -16"><span class='ocrx_word' id='word_1_290' title='bbox 179 3570 221 3623; x_wconf 80' lang='lat' dir='ltr'><strong>roi</strong></span> <span class='ocrx_word' id='word_1_291' title='bbox 237 3567 360 3638; x_wconf 79' lang='lat' dir='ltr'><strong>publicae</strong></span> <span class='ocrx_word' id='word_1_292' title='bbox 376 3577 490 3622; x_wconf 81' lang='lat' dir='ltr'><strong>utentos.</strong></span> <span class='ocrx_word' id='word_1_293' title='bbox 524 3569 594 3624; x_wconf 82' lang='lat' dir='ltr'><strong>undo</strong></span> <span class='ocrx_word' id='word_1_294' title='bbox 610 3588 660 3623; x_wconf 86' lang='lat' dir='ltr'><strong><em>ncc</em></strong></span> <span class='ocrx_word' id='word_1_295' title='bbox 677 3572 768 3625; x_wconf 77' lang='lat' dir='ltr'><strong>codem</strong></span> <span class='ocrx_word' id='word_1_296' title='bbox 786 3567 889 3620; x_wconf 84' lang='lat' dir='ltr'><strong>uomina</strong></span> <span class='ocrx_word' id='word_1_297' title='bbox 906 3566 1089 3636; x_wconf 75' lang='lat' dir='ltr'><strong>appellantur:</strong></span> <span class='ocrx_word' id='word_1_298' title='bbox 1106 3579 1167 3616; x_wconf 85' lang='lat' dir='ltr'><strong><em>nam</em></strong></span> <span class='ocrx_word' id='word_1_299' title='bbox 1183 3563 1296 3617; x_wconf 85' lang='lat' dir='ltr'><strong>Romani</strong></span> <span class='ocrx_word' id='word_1_300' title='bbox 1361 3619 1365 3626; x_wconf 31' lang='lat'><strong><em>¹</em></strong></span> 
     </span>
     <span class='ocr_line' id='line_1_34' title="bbox 178 3637 1370 3707; baseline -0.013 -15"><span class='ocrx_word' id='word_1_301' title='bbox 178 3637 322 3707; x_wconf 85' lang='lat' dir='ltr'><strong>Hispanos,</strong></span> <span class='ocrx_word' id='word_1_302' title='bbox 340 3637 435 3689; x_wconf 78' lang='lat' dir='ltr'><strong>Gracci</strong></span> <span class='ocrx_word' id='word_1_303' title='bbox 450 3637 486 3690; x_wconf 90' lang='lat' dir='ltr'><strong><em>ab</em></strong></span> <span class='ocrx_word' id='word_1_304' title='bbox 503 3639 582 3692; x_wconf 84' lang='lat' dir='ltr'><strong>lbcro</strong></span> <span class='ocrx_word' id='word_1_305' title='bbox 599 3655 675 3692; x_wconf 80' lang='lat' dir='ltr'><strong>amna</strong></span> <span class='ocrx_word' id='word_1_306' title='bbox 693 3639 787 3692; x_wconf 85' lang='lat' dir='ltr'><strong>Iberos</strong></span> <span class='ocrx_word' id='word_1_307' title='bbox 803 3642 911 3688; x_wconf 79' lang='lat' dir='ltr'><strong>vocant.</strong></span> <span class='ocrx_word' id='word_1_308' title='bbox 1366 3681 1370 3690; x_wconf 64' lang='grc'><strong><em>,</em></strong></span> 
     </span>
    </p>

    <p class='ocr_par' dir='ltr' id='par_1_12' title="bbox 179 3699 1297 4325">
     <span class='ocr_line' id='line_1_35' title="bbox 284 3699 1296 3776; baseline -0.004 -19"><span class='ocrx_word' id='word_1_309' title='bbox 284 3704 425 3774; x_wconf 75' lang='lat' dir='ltr'><strong>Saguntini</strong></span> <span class='ocrx_word' id='word_1_310' title='bbox 441 3723 497 3760; x_wconf 86' lang='lat' dir='ltr'><strong><em>cam</em></strong></span> <span class='ocrx_word' id='word_1_311' title='bbox 514 3707 707 3776; x_wconf 74' lang='lat' dir='ltr'><strong>obsiderentur,</strong></span> <span class='ocrx_word' id='word_1_312' title='bbox 725 3705 826 3758; x_wconf 89' lang='lat' dir='ltr'><strong>auxilia</strong></span> <span class='ocrx_word' id='word_1_313' title='bbox 842 3714 870 3757; x_wconf 85' lang='lat' dir='ltr'><strong><em>ct</em></strong></span> <span class='ocrx_word' id='word_1_314' title='bbox 888 3700 1056 3755; x_wconf 82' lang='lat' dir='ltr'><strong>finitimorum</strong></span> <span class='ocrx_word' id='word_1_315' title='bbox 1073 3705 1103 3752; x_wconf 87' lang='lat' dir='ltr'><strong><em>at</em></strong></span> <span class='ocrx_word' id='word_1_316' title='bbox 1118 3699 1296 3754; x_wconf 83' lang='lat' dir='ltr'><strong>Rornanorum</strong></span> 
     </span>
     <span class='ocr_line' id='line_1_36' title="bbox 179 3768 1296 3845; baseline -0.008 -14"><span class='ocrx_word' id='word_1_317' title='bbox 179 3776 361 3845; x_wconf 81' lang='lat' dir='ltr'><strong>implorarunt.</strong></span> <span class='ocrx_word' id='word_1_318' title='bbox 397 3779 476 3842; x_wconf 81' lang='lat' dir='ltr'><strong>atque</strong></span> <span class='ocrx_word' id='word_1_319' title='bbox 503 3777 562 3830; x_wconf 81' lang='lat' dir='ltr'><strong>illos</strong></span> <span class='ocrx_word' id='word_1_320' title='bbox 609 3777 696 3830; x_wconf 82' lang='lat' dir='ltr'><strong>uidam</strong></span> <span class='ocrx_word' id='word_1_321' title='bbox 722 3773 857 3845; x_wconf 80' lang='lat' dir='ltr'><strong>prohibuit</strong></span> <span class='ocrx_word' id='word_1_322' title='bbox 884 3768 1034 3824; x_wconf 75' lang='lat' dir='ltr'><strong>Hannibaic</strong></span> <span class='ocrx_word' id='word_1_323' title='bbox 1067 3768 1180 3824; x_wconf 84' lang='lat' dir='ltr'><strong>Romani</strong></span> <span class='ocrx_word' id='word_1_324' title='bbox 1208 3777 1296 3823; x_wconf 80' lang='lat' dir='ltr'><strong>autem</strong></span> 
     </span>
     <span class='ocr_line' id='line_1_37' title="bbox 180 3793 1296 3915; baseline -0.008 -17"><span class='ocrx_word' id='word_1_325' title='bbox 180 3844 273 3913; x_wconf 77' lang='lat' dir='ltr'><strong>legatis</strong></span> <span class='ocrx_word' id='word_1_326' title='bbox 290 3843 324 3896; x_wconf 84' lang='lat' dir='ltr'><strong><em>ad</em></strong></span> <span class='ocrx_word' id='word_1_327' title='bbox 342 3858 400 3894; x_wconf 84' lang='lat' dir='ltr'><strong>oum</strong></span> <span class='ocrx_word' id='word_1_328' title='bbox 417 3843 504 3896; x_wconf 85' lang='lat' dir='ltr'><strong>missis</strong></span> <span class='ocrx_word' id='word_1_329' title='bbox 520 3793 686 3915; x_wconf 72' lang='lat' dir='ltr'><strong>postuiarunt</strong></span> <span class='ocrx_word' id='word_1_330' title='bbox 703 3853 733 3896; x_wconf 82' lang='lat' dir='ltr'><strong>ut</strong></span> <span class='ocrx_word' id='word_1_331' title='bbox 753 3845 874 3911; x_wconf 79' lang='lat' dir='ltr'><strong>Sagunto</strong></span> <span class='ocrx_word' id='word_1_332' title='bbox 900 3839 1064 3900; x_wconf 80' lang='lat' dir='ltr'><strong>abstineret3</strong></span> <span class='ocrx_word' id='word_1_333' title='bbox 1090 3839 1159 3908; x_wconf 87' lang='lat' dir='ltr'><strong>quod</strong></span> <span class='ocrx_word' id='word_1_334' title='bbox 1177 3839 1204 3892; x_wconf 95' lang='lat' dir='ltr'><strong><em>ni</em></strong></span> <span class='ocrx_word' id='word_1_335' title='bbox 1222 3839 1296 3890; x_wconf 82' lang='lat' dir='ltr'><strong>iacc-</strong></span> 
     </span>
     <span class='ocr_line' id='line_1_38' title="bbox 179 3907 1294 3982; baseline -0.008 -16"><span class='ocrx_word' id='word_1_336' title='bbox 179 3921 231 3979; x_wconf 83' lang='lat' dir='ltr'><strong>rct,</strong></span> <span class='ocrx_word' id='word_1_337' title='bbox 249 3913 416 3966; x_wconf 85' lang='lat' dir='ltr'><strong>minabantur</strong></span> <span class='ocrx_word' id='word_1_338' title='bbox 432 3929 462 3963; x_wconf 82' lang='lat' dir='ltr'><strong><em>ae</em></strong></span> <span class='ocrx_word' id='word_1_339' title='bbox 478 3913 664 3982; x_wconf 75' lang='lat' dir='ltr'><strong>carthaginen</strong></span> <span class='ocrx_word' id='word_1_340' title='bbox 682 3912 769 3966; x_wconf 84' lang='lat' dir='ltr'><strong>statim</strong></span> <span class='ocrx_word' id='word_1_341' title='bbox 789 3913 824 3964; x_wconf 83' lang='lat' dir='ltr'><strong><em>ad</em></strong></span> <span class='ocrx_word' id='word_1_342' title='bbox 844 3928 902 3964; x_wconf 84' lang='lat' dir='ltr'><strong>cum</strong></span> <span class='ocrx_word' id='word_1_343' title='bbox 921 3907 1094 3963; x_wconf 82' lang='lat' dir='ltr'><strong>accusandum</strong></span> <span class='ocrx_word' id='word_1_344' title='bbox 1111 3909 1294 3976; x_wconf 79' lang='lat' dir='ltr'><strong>navigaturos.</strong></span> 
     </span>
     <span class='ocr_line' id='line_1_39' title="bbox 181 3977 1296 4052; baseline -0.008 -17"><span class='ocrx_word' id='word_1_345' title='bbox 181 3990 211 4035; x_wconf 83' lang='lat' dir='ltr'><strong><em>at</em></strong></span> <span class='ocrx_word' id='word_1_346' title='bbox 227 3981 359 4036; x_wconf 82' lang='lat' dir='ltr'><strong>Hannibal</strong></span> <span class='ocrx_word' id='word_1_347' title='bbox 378 3996 411 4032; x_wconf 82' lang='lat' dir='ltr'><strong><em>ox</em></strong></span> <span class='ocrx_word' id='word_1_348' title='bbox 428 3978 479 4032; x_wconf 85' lang='lat' dir='ltr'><strong><em>His</em></strong></span> <span class='ocrx_word' id='word_1_349' title='bbox 499 3983 555 4036; x_wconf 82' lang='lat' dir='ltr'><strong>auis</strong></span> <span class='ocrx_word' id='word_1_350' title='bbox 579 3985 703 4052; x_wconf 79' lang='lat' dir='ltr'><strong>quosdam</strong></span> <span class='ocrx_word' id='word_1_351' title='bbox 728 3981 800 4034; x_wconf 87' lang='lat' dir='ltr'><strong>misit</strong></span> <span class='ocrx_word' id='word_1_352' title='bbox 822 3981 870 4049; x_wconf 89' lang='lat' dir='ltr'><strong>qui</strong></span> <span class='ocrx_word' id='word_1_353' title='bbox 911 3996 941 4031; x_wconf 82' lang='lat' dir='ltr'><strong>or</strong></span> <span class='ocrx_word' id='word_1_354' title='bbox 959 3977 1023 4029; x_wconf 83' lang='lat' dir='ltr'><strong>fidei</strong></span> <span class='ocrx_word' id='word_1_355' title='bbox 1041 3983 1070 4028; x_wconf 85' lang='lat' dir='ltr'><strong><em>et</em></strong></span> <span class='ocrx_word' id='word_1_356' title='bbox 1086 3977 1217 4028; x_wconf 81' lang='lat' dir='ltr'><strong>amicitiae</strong></span> <span class='ocrx_word' id='word_1_357' title='bbox 1234 3993 1296 4044; x_wconf 86' lang='lat' dir='ltr'><strong>spa-</strong></span> 
     </span>
     <span class='ocr_line' id='line_1_40' title="bbox 180 3997 1296 4127; baseline -0.01 -23"><span class='ocrx_word' id='word_1_358' title='bbox 180 4051 245 4104; x_wconf 82' lang='lat' dir='ltr'><strong>ciem</strong></span> <span class='ocrx_word' id='word_1_359' title='bbox 261 4048 359 4120; x_wconf 80' lang='lat' dir='ltr'><strong>legatia</strong></span> <span class='ocrx_word' id='word_1_360' title='bbox 375 3999 649 4118; x_wconf 64' lang='lat' dir='ltr'><strong>appropinquantibus</strong></span> <span class='ocrx_word' id='word_1_361' title='bbox 665 4050 785 4104; x_wconf 81' lang='lat' dir='ltr'><strong>dicerent</strong></span> <span class='ocrx_word' id='word_1_362' title='bbox 803 4067 856 4102; x_wconf 93' lang='lat' dir='ltr'><strong><em>non</em></strong></span> <span class='ocrx_word' id='word_1_363' title='bbox 872 3997 966 4100; x_wconf 81' lang='lat' dir='ltr'><strong>adosse</strong></span> <span class='ocrx_word' id='word_1_364' title='bbox 978 4046 1078 4126; x_wconf 61' lang='lat' dir='ltr'><strong>ducpm,</strong></span> <span class='ocrx_word' id='word_1_365' title='bbox 1095 4045 1186 4127; x_wconf 75' lang='lat' dir='ltr'><strong>procul</strong></span> <span class='ocrx_word' id='word_1_366' title='bbox 1197 4044 1226 4096; x_wconf 94' lang='lat' dir='ltr'><strong><em>in</em></strong></span> <span class='ocrx_word' id='word_1_367' title='bbox 1238 4044 1296 4094; x_wconf 82' lang='lat' dir='ltr'><strong>ioca</strong></span> 
     </span>
     <span class='ocr_line' id='line_1_41' title="bbox 181 4112 1297 4191; baseline -0.022 -9"><span class='ocrx_word' id='word_1_368' title='bbox 181 4120 307 4188; x_wconf 63' lang='lat' dir='ltr'><strong>quaedum</strong></span> <span class='ocrx_word' id='word_1_369' title='bbox 324 4118 464 4188; x_wconf 79' lang='lat' dir='ltr'><strong>incognita</strong></span> <span class='ocrx_word' id='word_1_370' title='bbox 480 4121 640 4188; x_wconf 80' lang='lat' dir='ltr'><strong>proiectum,</strong></span> <span class='ocrx_word' id='word_1_371' title='bbox 664 4126 854 4188; x_wconf 73' lang='lat' dir='ltr'><strong>manerentque</strong></span> <span class='ocrx_word' id='word_1_372' title='bbox 872 4124 901 4169; x_wconf 84' lang='lat' dir='ltr'><strong>ut</strong></span> <span class='ocrx_word' id='word_1_373' title='bbox 917 4129 1105 4185; x_wconf 74' lang='lat' dir='ltr'><strong>quamprimum</strong></span> <span class='ocrx_word' id='word_1_374' title='bbox 1122 4112 1297 4191; x_wconf 51' lang='lat' dir='ltr'><strong>(incederunt,</strong></span> 
     </span>
     <span class='ocr_line' id='line_1_42' title="bbox 182 4177 1297 4261; baseline -0.012 -22"><span class='ocrx_word' id='word_1_375' title='bbox 182 4205 216 4239; x_wconf 82' lang='lat' dir='ltr'><strong><em>na</em></strong></span> <span class='ocrx_word' id='word_1_376' title='bbox 234 4189 350 4242; x_wconf 77' lang='lat' dir='ltr'><strong>adventu</strong></span> <span class='ocrx_word' id='word_1_377' title='bbox 366 4187 468 4241; x_wconf 86' lang='lat' dir='ltr'><strong>iliorum</strong></span> <span class='ocrx_word' id='word_1_378' title='bbox 487 4188 592 4254; x_wconf 84' lang='lat' dir='ltr'><strong>cognito</strong></span> <span class='ocrx_word' id='word_1_379' title='bbox 609 4209 659 4261; x_wconf 81' lang='lat' dir='ltr'><strong>per</strong></span> <span class='ocrx_word' id='word_1_380' title='bbox 676 4187 840 4258; x_wconf 80' lang='lat' dir='ltr'><strong>imperatoris</strong></span> <span class='ocrx_word' id='word_1_381' title='bbox 857 4185 1003 4238; x_wconf 81' lang='lat' dir='ltr'><strong>absentiam</strong></span> <span class='ocrx_word' id='word_1_382' title='bbox 1022 4184 1055 4234; x_wconf 88' lang='lat' dir='ltr'><strong><em>ab</em></strong></span> <span class='ocrx_word' id='word_1_383' title='bbox 1073 4180 1209 4234; x_wconf 79' lang='lat' dir='ltr'><strong>effrenatis</strong></span> <span class='ocrx_word' id='word_1_384' title='bbox 1227 4177 1297 4228; x_wconf 83' lang='lat' dir='ltr'><strong>mah-</strong></span> 
     </span>
     <span class='ocr_line' id='line_1_43' title="bbox 182 4243 1296 4325; baseline -0.011 -17"><span class='ocrx_word' id='word_1_385' title='bbox 182 4255 253 4310; x_wconf 82' lang='lat' dir='ltr'><strong>tibus</strong></span> <span class='ocrx_word' id='word_1_386' title='bbox 268 4257 418 4314; x_wconf 75' lang='lat' dir='ltr'><strong>interirent.</strong></span> <span class='ocrx_word' id='word_1_387' title='bbox 453 4257 537 4325; x_wconf 74' lang='lat' dir='ltr'><strong>legati</strong></span> <span class='ocrx_word' id='word_1_388' title='bbox 562 4275 625 4312; x_wconf 78' lang='lat' dir='ltr'><strong>vcra</strong></span> <span class='ocrx_word' id='word_1_389' title='bbox 649 4260 695 4312; x_wconf 82' lang='lat' dir='ltr'><strong>illa</strong></span> <span class='ocrx_word' id='word_1_390' title='bbox 713 4273 771 4312; x_wconf 80' lang='lat' dir='ltr'><strong>osae</strong></span> <span class='ocrx_word' id='word_1_391' title='bbox 790 4256 844 4310; x_wconf 83' lang='lat' dir='ltr'><strong>rati</strong></span> <span class='ocrx_word' id='word_1_392' title='bbox 860 4251 1048 4322; x_wconf 75' lang='lat' dir='ltr'><strong>Carthaginem</strong></span> <span class='ocrx_word' id='word_1_393' title='bbox 1064 4251 1202 4304; x_wconf 70' lang='lat' dir='ltr'><strong>abieruntz</strong></span> <span class='ocrx_word' id='word_1_394' title='bbox 1226 4243 1296 4298; x_wconf 90' lang='lat' dir='ltr'><strong>iudi-</strong></span> 
     </span>
    </p>
   </div>
   <div class='ocr_carea' id='block_1_5' title="bbox 236 4339 1085 4405">
    <p class='ocr_par' dir='ltr' id='par_1_13' title="bbox 236 4339 1085 4405">
     <span class='ocr_line' id='line_1_44' title="bbox 236 4339 1085 4405; baseline 0.014 -12"><span class='ocrx_word' id='word_1_395' title='bbox 236 4339 362 4398; x_wconf 82' lang='grc' dir='ltr'><strong><em>Ζοιιιιιιιε</em></strong></span> <span class='ocrx_word' id='word_1_396' title='bbox 379 4343 499 4398; x_wconf 78' lang='lat' dir='ltr'><strong><em>Annales</em></strong></span> <span class='ocrx_word' id='word_1_397' title='bbox 517 4339 554 4398; x_wconf 86' lang='lat'><strong><em>11.</em></strong></span> <span class='ocrx_word' id='word_1_398' title='bbox 1044 4343 1085 4405; x_wconf 74' lang='lat'><strong><em>12</em></strong></span> 
     </span>
    </p>
   </div>
   <div class='ocr_carea' id='block_1_6' title="bbox 0 0 1582 4909">
    <p class='ocr_par' dir='ltr' id='par_1_14' title="bbox 0 0 1582 4909">
     <span class='ocr_line' id='line_1_45' title="bbox 0 0 1582 4909; baseline 0 0"><span class='ocrx_word' id='word_1_399' title='bbox 0 0 1582 4909; x_wconf 95' lang='lat' dir='ltr'><strong><em> </em></strong></span> 
     </span>
    </p>
   </div>
  </div>
 </body>
</html>
