3134 4909
530 296 744 366 munuum
760 298 843 365 vm
862 299 916 364 ει.
1034 294 1038 300 ’
1201 299 1274 371 ιτα
1316 249 1321 260 ’

164 467 238 554 γάψ
255 467 309 556 ἐφ’
329 463 447 558 ήμέρας
461 471 601 549 πλείονας
617 462 775 559 ἐνιόρόθη.
801 469 853 537 dcci
865 496 898 536 τε
909 477 982 556 γοῦν
992 469 1033 535 τό
1044 470 1156 556 τέρατα
1167 478 1277 552 ταῦτα,

169 573 220 636 καί
245 570 292 636 ὅτι
314 575 393 650 τινές
416 572 603 662 παρανόμως
625 573 727 661 ἔλεγον
742 574 814 669 τοὺς
832 572 967 651 ὕπάτοας
983 573 1144 661 αἱρεθῆναι
1150 622 1161 654 ,
1185 600 1274 658 μετε-
1292 586 1329 640 W
1344 586 1371 639 ΙΙ
1388 588 1424 644 69
1522 663 1525 666 ἢ

168 678 330 758 πέμψαντο
361 675 482 754 αὐτούς.
542 676 700 761 ἀεξόμεναι
724 679 757 743 δέ
780 677 821 743 τὰ
842 677 1008 763 γράμματα
1032 677 1060 742 οἱ
1083 676 1195 744 ὕπατοι
1219 679 1275 744 οάκ

169 777 265 854 εὐθὺς
289 777 366 843 αάτά
392 780 539 866 ἀνέγνων,
572 780 642 867 ἀρτι
663 780 742 869 πρός
763 780 896 864 πόλεμον
919 779 1160 862 καθιστάμενοι,
1193 780 1272 847 ἀλλά
1291 790 1315 842 Β

145 880 437 968 ὀπροσνμβαλόντες
462 883 640 970 ἐκρότησαν.
691 885 768 967 μετὰ
792 885 826 949 di
841 884 897 968 τὴν
911 881 1015 969 μόχην
1029 883 1277 971 ἀναγνωσθείσης

169 992 225 1068 τῆς
242 986 401 1070 ἐπιστολῆς
418 984 435 1052 ό
453 988 508 1068 μέν
529 987 664 1075 Φούριος
681 985 810 1069 ἑτοίμως
830 989 986 1066 ἐπείθετο,
1012 983 1085 1053 ddi
1100 1013 1133 1071 γε
1152 991 1275 1071 Φλαμί-

167 1113 231 1164 νιος
246 1087 443 1174 ἐπαιρόμενος
465 1097 501 1174 τῇ
523 1093 587 1177 νίκη
611 1088 668 1174 τήν
683 1115 715 1156 τε
729 1095 845 1178 αἵρεσιν
862 1091 963 1157 αὐτῶν
979 1089 1136 1155 ἀπεδείκνο
1155 1090 1198 1154 δι’
1218 1091 1275 1156 αὖ·

167 1199 222 1273 τῆς
239 1192 344 1276 ὀρθῶς
361 1193 490 1275 ἐχοοσαν
500 1239 511 1270 ,
533 1195 584 1257 καὶ
602 1193 654 1257 ded
670 1194 724 1258 τὸν
742 1193 819 1278 πρὸς
835 1194 929 1260 αάτὸν
946 1191 1067 1281 φθόνον
1083 1193 1208 1259 ἐνέκειτο
1225 1191 1276 1258 καὶ

167 1301 223 1358 τοῦ
245 1295 332 1360 θείου
356 1294 428 1372 τοός
450 1295 599 1371 duraturis
621 1294 885 1378 καταψεύδεσθαι.
935 1295 1005 1361 οὔτ’
1024 1288 1079 1361 cair
1097 1295 1276 1380 ἀπαναστῆ-

127 1408 161 1460 1⁰
169 1423 218 1462 ναι
235 1399 305 1480 πρὶν
321 1396 356 1462 τό
374 1405 435 1462 πᾶν
452 1395 708 1480 καταστήσασθαι
726 1396 830 1480 ἤθελε,
856 1400 907 1463 καλ
926 1396 1058 1475 διδάξειν
1074 1400 1125 1463 καὶ
1141 1399 1214 1476 τοάς
1229 1400 1276 1465 οἴ-

166 1525 214 1566 κοι
239 1499 297 1588 ἐφη
320 1498 396 1584 μήτ’
425 1499 524 1585 όρνισι
554 1499 633 1584 μήτ’
663 1499 746 1587 ἀλλῳ
773 1499 813 1583 δή
836 1526 895 1565 τινι
920 1499 1048 1588 τοιοότηι
1074 1503 1277 1586 προσέχοντας

166 1603 357 1669 ἀπατᾶσθαι.
409 1605 458 1668 καί
477 1599 493 1668 ὃ
508 1605 565 1685 μέν
581 1603 661 1669 κατὰ
675 1600 782 1687 χώραν
798 1603 898 1686 μένειν
914 1602 1008 1684 ἤθελε
1024 1605 1075 1668 καί
1092 1604 1145 1670 τὸν
1161 1603 1277 1690 συνόρ-

163 1731 259 1788 χοντα
275 1707 409 1788 κατέχειν
428 1707 578 1792 ἐπειρᾶτο,
607 1702 741 1792 Φοόριος
760 1705 792 1770 d'
814 1706 869 1771 οὐκ
886 1708 1034 1794 ἐπείθεγο.
1069 1711 1131 1772 τῶν
1147 1709 1182 1772 dd
1197 1693 1275 1789 μετά

165 1817 220 1874 τοῦ
240 1810 409 1890 Φλαμινίου
426 1807 598 1890 μελλόντων
613 1807 918 1896 καταληφθήσεσθαι
935 1809 1137 1895 φοβηθέντων
1151 1809 1196 1893 μή
1212 1795 1312 1894 arc-C

127 1913 317 1987 15νωθέντες
340 1909 470 1979 πάθωσί
492 1935 522 1976 τι
544 1911 630 1996 παρὰ
646 1918 707 1977 τῶν
723 1913 880 1990 ἐναντίων,
906 1915 955 1976 καί
974 1913 1144 1995 δεηθέντων
1158 1908 1276 1999 ἡμέρας

167 2014 254 2091 τινάς
269 2025 464 2100 προσμεῖναι,
497 2015 640 2099 ἐπείσθη,
674 2014 710 2082 οὗ
726 2016 829 2098 μέντοι
845 2017 895 2080 καί
913 2006 1002 2101 ἔργον
1018 2013 1134 2098 ἥψατο.
1188 2019 1277 2081 Φλα-

166 2120 266 2201 μίνιος
289 2119 322 2185 δέ
345 2125 529 2203 περινοστῶν
553 2119 609 2202 τὴν
630 2117 737 2203 χώραν
761 2117 862 2200 ἐτεμνε
879 2122 930 2183 καί
948 2115 1087 2206 ἐρόματό
1102 2144 1170 2183 τινα
1186 2125 1276 2184 κατε-

166 2222 342 2306 στρέψατο,
375 2219 414 2288 τά
438 2227 482 2287 τε
495 2221 622 2311 λόφορα
645 2219 745 2292 πόντα
768 2231 832 2299 τοῖς
849 2220 1069 2306 στρατιώταις,
1093 2219 1276 2306 θεραπεύων

169 2322 298 2403 αάτοός,
330 2325 502 2410 ἐχαρίσατο.
554 2324 614 2407 ἀψέ
638 2325 672 2388 d'
698 2325 802 2390 οέκαάε
821 2321 1045 2398 ,ἐπανελθόντες
1065 2319 1126 2387 ἀπὸ
1150 2324 1206 2404 μέν
1221 2330 1277 2406 τῆς

126 2429 328 2511 λθγεροοσίας
347 2429 444 2490 αἰτίαν
461 2433 516 2508 τῆς
532 2427 690 2500 ἀπειθείας
706 2425 795 2505 ἐσχον
812 2426 880 2502 (διὰ
891 2425 950 2509 γὰρ
964 2426 1020 2505 τήν
1032 2422 1109 2509 πρὸς
1121 2423 1173 2488 τὸν
1189 2428 1278 2489 Φλα-

169 2529 268 2610 μίνιον
286 2527 379 2612 ἀργήν
395 2526 548 2609 ἠτίμασαν
564 2530 615 2590 καὶ
632 2525 685 2591 τόν
696 2522 857 2611 Φούριον),
875 2525 909 2590 τό
929 2528 962 2590 dd
979 2531 1102 2608 πλῆθος
1120 2525 1276 2615 ἀντιφιλο-

168 2635 310 2713 νεικῆσαν
338 2625 414 2718 όπέρ
441 2636 496 2693 τοῦ
522 2631 691 2712 Φλαμινίου
718 2629 911 2715 ἐψηφίσαντο
933 2628 974 2726 adt
999 2626 1166 2718 νικητήρια.
1224 2635 1275 2696 καί

168 2729 332 2822 ἀγαγόντες
348 2729 427 2797 αὐτὰ
445 2732 607 2816 ἐξέστησαν
623 2737 678 2814 τῆς
693 2733 799 2818 ἀρχῆς.
842 2759 850 2766 ·
1150 2736 1154 2744 “

236 2945 254 2998 2
269 2938 436 3012 παραλόγως
452 2942 485 2996 λ.
620 2943 655 2998 10
670 2938 900 3011 καταστήσασθαι
915 2945 948 3010 Α,
964 2940 1188 3010 καταστήσεσθαι
1205 2946 1275 3001 PW.

235 3017 268 3069 11
288 3011 406 3086 τσιοότφ
426 3029 467 3066 orn
484 3011 517 3065 C.
619 3013 656 3068 20
672 3008 767 3066 αίτίαν
780 3013 838 3081 AB,
853 3008 906 3080 τήν
923 3008 1018 3066 etuas
1034 3013 1104 3068 PW.

167 3211 224 3256 turu
247 3201 279 3252 cb
304 3198 370 3252 haec
390 3199 512 3320 ρτοᾱῐρλε
527 3206 582 3254 turn
604 3200 675 3270 qued
692 3200 758 3255 vitiu
776 3201 859 3254 creati
875 3199 1042 3267 dicerentur,
1068 3195 1189 3251 arcessiti
1205 3204 1275 3250 sunt.

169 3285 259 3324 rernm
281 3285 332 3322 non
356 3269 444 3322 statim
477 3269 571 3322 ittcras
587 3269 723 3339 legerunt,
746 3270 794 3324 sed
810 3286 869 3323 cum
886 3269 962 3321 ruodo
980 3267 1008 3320 in
1026 3267 1108 3320 aciem
1125 3264 1278 3318 descendis-

170 3345 246 3403 sent,
270 3338 405 3392 commisso
423 3338 497 3422 prius
514 3339 615 3408 praelio
632 3339 763 3393 vicerunt.
800 3337 911 3408 epistula
928 3345 990 3407 post
1006 3352 1119 3407 pugnam
1135 3333 1206 3386 lecta
1223 3333 1279 3385 Fu-

168 3407 225 3460 rius
242 3406 313 3458 haud
329 3415 457 3475 gravatum
476 3414 570 3478 parat:
593 3408 641 3462 scd
657 3407 802 3462 Flaminius
819 3406 934 3461 victorie
950 3404 1034 3459 clatus
1052 3420 1108 3456 eam
1124 3408 1278 3470 argumento

170 3493 231 3530 esse
248 3475 336 3530 aicbat
352 3493 383 3529 se
399 3478 451 3531 rite
469 3485 573 3532 creatus
592 3495 666 3547 esse,
693 3485 720 3530 et
744 3476 883 3546 optimates
900 3493 934 3528 er
951 3472 1055 3528 invidia
1070 3470 1149 3526 etiam
1166 3469 1218 3523 diis
1235 3469 1278 3522 ai·

169 3546 271 3614 fingere
295 3544 428 3600 mendacia
452 3548 632 3601 asseverabat.
666 3563 717 3600 uec
739 3544 822 3614 igitur
843 3544 896 3597 uisi
913 3544 993 3597 rebus
1012 3540 1132 3594 amnibus
1149 3535 1277 3592 confectis

169 3615 296 3668 recedere
312 3613 404 3683 votuit,
423 3622 451 3669 et
467 3634 496 3669 se
513 3615 587 3670 cirea
603 3631 664 3670 sues
684 3615 837 3670 educturum
856 3629 915 3666 csse
932 3612 1050 3665 dixitne
1066 3609 1111 3663 rel
1127 3607 1214 3662 arian
1232 3607 1277 3662 rei

169 3683 247 3739 attius
270 3681 377 3735 aitcriua
400 3684 442 3736 rei
466 3685 653 3740 observatione
676 3683 841 3740 fallerentur.
885 3680 976 3748 itaque
996 3695 1103 3734 manere
1118 3686 1146 3732 ct
1163 3678 1279 3746 collegae

168 3753 237 3806 idern
260 3751 419 3820 persuadere
445 3753 570 3809 institnit.
606 3755 675 3824 quud
700 3768 757 3807 cum
775 3751 821 3805 ilie
837 3750 1015 3815 detrectaret,
1041 3746 1164 3802 Flaminii
1180 3745 1278 3801 militas

170 3822 252 3876 veriti
270 3838 303 3872 ne
320 3837 337 3873 a
355 3825 467 3876 cacteris
483 3823 605 3878 destituti
621 3825 655 3878 ab
673 3822 793 3878 hostibus
808 3820 876 3873 male
893 3823 1084 3886 tractarentur,
1102 3815 1227 3889 precibus
1244 3817 1278 3869 ab

170 3908 204 3944 eu
221 3890 395 3961 impetrarunt
412 3900 441 3943 ut
458 3892 513 3946 dics
530 3893 632 3962 aliquot
648 3895 780 3946 maneret:
799 3889 850 3944 scd
868 3884 933 3942 nibil
949 3887 989 3942 rei
1005 3888 1098 4010 {arsit
1133 3884 1278 3939 Flaminius

171 3966 258 4012 autem
276 3959 409 4028 regionem
430 3961 527 4030 ubique
544 3969 704 4032 pervagatus
722 3976 799 4029 agree
817 3959 934 4011 vastavit
951 3967 979 4011 ct
993 3957 1094 4026 a‘quut
1111 3953 1219 4009 mteiis
1236 3969 1280 4006 τε·

169 4029 224 4098 pit;
243 4036 270 4082 ct
286 4029 421 4096 militibus,
440 4037 471 4081 ut
489 4047 534 4082 scs
550 4029 604 4083 sibi
623 4029 789 4096 conciliaret,
808 4045 898 4081 omncs
915 4027 1049 4081 manubias
1066 4023 1184 4078 donarit.
1217 4037 1277 4076 sere

170 4098 272 4153 demum
296 4099 412 4152 reversis
429 4101 606 4152 contumaciae
623 4099 720 4154 niman
736 4116 753 4152 a
769 4103 864 4152 senatu
881 4102 923 4150 est
945 4095 1091 4158 obiectum
1115 4101 1144 4147 st
1160 4094 1194 4146 cb
1211 4091 1278 4172 iram

170 4163 198 4218 in
215 4163 371 4221 Flaminium
395 4167 472 4222 etiam
491 4165 571 4220 Furio
600 4177 710 4238 negatus
726 4165 819 4222 hunos.
853 4167 900 4220 sed
918 4183 935 4218 a
951 4163 1133 4230 multitudine,
1157 4158 1278 4231 petubas

170 4249 221 4305 pre
238 4233 366 4293 Flauinia
389 4235 544 4304 adversata,
563 4237 669 4293 deuetc
691 4247 804 4310 actuque
826 4233 976 4306 triumphe,
999 4233 1179 4304 magistratum
1195 4227 1281 4294 dopt-

171 4311 289 4358 wertini.
1372 4309 1378 4316 ’
