3134 4909
212 339 218 350 .
268 275 343 364 ενα
643 289 817 358 ιοοσσιο
838 289 1036 358 τοαεοιο

267 464 407 555 Τάραντι
438 471 505 540 ταῖς
535 487 568 528 τε
598 463 706 528 ναυσίν
739 461 806 546 ἅμα
838 463 890 526 καί
919 467 965 552 τρί’
993 463 1072 548 πεζῷ
1104 456 1301 547 προσβαλών,
1337 469 1387 550 τῇ

127 585 147 637 Ρ
165 583 179 637 1
196 585 249 642 430
266 595 298 634 τε
312 572 468 654 προσβολῇ
482 567 532 631 καί
546 567 695 657 προδοσίᾳ
712 559 771 633 εἷλε
789 565 846 649 τὴν
863 561 961 630 πόλιν.
992 561 1009 630 ό
1028 555 1082 631 cdv
1094 563 1234 645 Ἀννίβας
1251 565 1304 630 διὰ
1320 565 1377 649 τὴν

265 669 386 755 ἀπάτην
410 669 585 753 ἀχθόμενος
608 669 877 750 άντεπιβουλεῦσαι
898 675 942 756 τῷ
961 669 1073 755 Φαβίῳ
1094 664 1275 733 ἐσπούδασε.
1324 671 1376 732 καί

266 773 427 856 ἐπιστολὴν
454 773 538 862 crispi
563 773 596 834 ἐκ
623 773 839 838 Μεταποντίου
866 768 909 846 ὥς
934 770 1020 860 παρά
1046 775 1106 835 τῶν
1132 770 1301 855 ἐπιχωρίων
1327 771 1374 834 ἐπί

266 877 416 967 προδοσίρι
446 883 502 960 τῆς
532 870 648 951 πόλεως
681 871 834 957 ἐπεμψεν,
874 875 997 949 ἐλπίσας
1028 871 1253 959 ἀπερισκέπτως
1282 872 1401 939 αδτδνδ

266 974 431 1068 προσιόντα
448 974 643 1065 ἐνεδρεύσειν.
694 979 745 1042 καί
772 975 806 1053 δς
828 973 1000 1058 ὖπετόπησε
1022 975 1058 1041 τδ
1079 973 1297 1062 πραττόμενον,
1322 979 1375 1041 καί

129 1071 202 1152 WII
214 1098 248 1154 88
267 1080 456 1168 παραβαλών
479 1083 518 1147 τὰ
544 1078 712 1166 γράμματα
736 1089 805 1156 ταῖς
829 1082 1002 1155 ἐπιστολαῖς
1024 1077 1062 1156 ἃς
1085 1087 1150 1155 τοῖς
1175 1079 1375 1163 Ταραντίνοις

264 1187 337 1252 ποτέ
354 1182 531 1272 ἐγεγράφει,
557 1180 773 1270 κατεφώρασαν
796 1185 830 1247 ἐκ
852 1189 908 1266 τῆς
931 1181 1033 1248 oiseis
1055 1177 1235 1265 ὁμοιότητος
1256 1181 1292 1247 τδ
1309 1181 1375 1245 ἐπι-

263 1286 433 1372 βοόλεομα.

368 1390 502 1454 Σκιπίων
525 1385 559 1452 δέ
582 1387 635 1454 τδν
658 1385 752 1453 άλλον
770 1383 893 1473 χρόνον,
921 1389 948 1451 εί
963 1387 1016 1450 καί
1031 1389 1203 1471 τιμωρῆσαι
1219 1391 1263 1474 τῷ
1280 1386 1372 1471 πατρί
1382 1397 1416 1450 10

265 1493 316 1558 καί
339 1498 383 1581 τῷ
405 1492 482 1580 θείῳ
508 1491 638 1575 ἐγλίχετο
656 1494 707 1556 καὶ
723 1490 1002 1575 τῆςτοῦπολέμου
1020 1486 1113 1572 δόξης
1129 1489 1274 1574 ὠρέγετο,
1301 1487 1372 1552 ἀλλ’

264 1595 319 1662 οὐκ
344 1594 499 1681 η’πείγετα,
535 1593 587 1660 διὰ
610 1593 644 1659 τδ
670 1600 794 1676 πλῆθος
817 1599 879 1657 τῶν
905 1593 1056 1656 ἐναντίων.
1108 1591 1171 1655 ἐπεί
1196 1591 1230 1655 δ’
1256 1589 1372 1678 ᾔσθετο

221 1697 376 1773 Βαάτοδς
398 1695 599 1780 χειμάζοντας
625 1694 732 1780 πόρρω
758 1720 826 1775 ποι,
861 1695 991 1771 ἐκείνους
1015 1693 1072 1777 μέν
1100 1693 1181 1772 eiius
1201 1695 1232 1770 ἐς
1258 1695 1293 1759 δέ
1317 1693 1374 1776 τὴν

217 1859 223 1868 ,
263 1797 452 1887 Καρχηδόνα
469 1798 525 1881 τὴν
541 1794 637 1886 ταότῃ
655 1796 812 1880 ὥρμησεν·
839 1797 875 1862 οδ
900 1798 1004 1880 μίντοι
1026 1823 1074 1873 τις
1095 1795 1131 1862 τδ
1155 1793 1302 1884 παράπαν
1318 1796 1374 1880 τὴν

263 1901 362 1989 ὁρμὴν
388 1901 482 1966 αιἰτοῦ
504 1899 614 1984 ἐγνωκε
638 1904 710 1987 πρίν
734 1901 814 1988 πρὸς
836 1899 916 1987 αὐτῇ
938 1906 978 1988 τῇ
1004 1896 1183 1987 Καρχηδόνι
1209 1900 1414 1986 γενέσθαιἿδ

264 2008 314 2070 καί
330 2002 421 2086 ἐλαβε
439 2004 495 2068 σδν
512 2000 594 2092 πόνῳ
611 2003 667 2086 τὴν
683 1999 781 2069 πόλιν.

360 2103 508 2189 Ἆλοόσης
531 2107 564 2170 δὲ
586 2111 641 2188 τῆς
664 2101 867 2192 Καρχηδόνος
889 2101 996 2180 στάσις
1021 2105 1146 2189 μεγίστη
1172 2109 1285 2188 μικροῦ
1312 2109 1372 2168 τῶν

263 2213 458 2298 στρατιωτῶν
480 2208 593 2292 ἐγίνετο
618 2207 666 2273 άν.
716 2213 771 2274 τοῦ
793 2207 851 2293 γάρ
874 2209 1042 2284 Σκιπίωνος
1065 2208 1215 2294 στέφανον
1236 2202 1372 2289 ιίποσχο-

260 2313 353 2396 μάνου
382 2309 490 2378 δαίσειν
514 2317 559 2400 τῷ
582 2309 694 2400 πρώτῳ
718 2318 774 2377 rosi
796 2311 914 2393 τείχους
938 2308 1092 2391 ἐπιβάντι,
1118 2307 1174 2374 δόο
1201 2307 1327 2396 ἄνδρες,
1352 2305 1371 2373 δ

259 2416 315 2498 μίν
328 2411 477 2498 Ῥωμαῖος
494 2411 510 2478 ὃ
529 2416 561 2479 δ’
580 2416 614 2478 ἐκ
630 2420 692 2480 τῶν
708 2410 889 2497 συμμάχων,
915 2415 982 2497 περὶ
1002 2413 1097 2478 αὐτοῦ
1120 2411 1414 2499 η’μφσβήτησανᾶθ

261 2517 488 2605 διαφερομένων
512 2517 544 2582 δ’
571 2517 690 2583 ἐκείνων
711 2520 761 2582 καί
784 2517 820 2580 ἰδ
846 2515 921 2580 ἄλλο
945 2521 1068 2597 πλῆθος
1090 2513 1292 2602 ἐθορυβήθη,
1318 2517 1371 2579 καὶ
1412 2510 1423 2528 ’

220 2635 243 2688 c
261 2621 309 2684 ἐπί
326 2625 465 2686 πλεῖστον
482 2616 710 2707 ἐταράχθησαν,
746 2617 825 2684 ὥστε
848 2621 898 2682 καί
922 2615 1019 2683 δεινόν
1036 2643 1065 2682 τι
1092 2620 1220 2705 δράσω,
1245 2621 1273 2683 εί
1289 2615 1368 2702 μὴὸ

330 2785 393 2836 λτε
411 2799 451 2834 orn
469 2779 501 2833 Α.
595 2779 631 2848 τῇ
647 2796 677 2832 τε
693 2779 837 2849 προσβολῇ
852 2797 893 2832 orn
913 2780 947 2833 C.
1041 2780 1105 2832 nu
1123 2797 1164 2832 om
1180 2780 1213 2833 A.
1301 2797 1370 2848 προ-

328 2848 411 2903 δοσία
428 2849 491 2915 AC,
508 2847 544 2917 τῇ
559 2847 697 2920 προδοσίᾳ
715 2849 783 2900 PW.
886 2843 1097 2915 ίμεταπόντοα
1114 2848 1148 2900 Α.
1191 2850 1199 2863 “
1253 2849 1368 2902 suarc-

328 2903 443 2986 φιίρίισε
459 2913 509 2970 καί
524 2916 574 2983 τῆς
592 2916 623 2969 Α.
641 2955 646 2960 -
711 2920 745 2973 ll
763 2911 881 2984 ὥρίγετο
899 2917 956 2980 AC,
973 2910 1087 2985 δρέγετο
1108 2917 1177 2970 PW.
1265 2920 1299 2972 14
1316 2915 1369 3002 την

221 3045 226 3055 ,
327 2983 431 3055 ταύτῃ]
455 2981 560 3051 ταύτην
585 2986 619 3037 Α.
743 2986 777 3042 17
795 2981 918 3052 ἁλούσης
934 2979 967 3038 δέ
984 3013 1019 3024 -
1055 2987 1132 3040 ,221
1152 3003 1179 3037 v.
1200 2989 1230 3039 ll
1253 2989 1369 3047 λοικουτ

326 3049 504 3124 ἀνηρτήσατο
522 3055 615 3108 Dionis
635 3062 787 3126 excerptum
804 3055 1000 3107 Peirescianum
1057 3095 1064 3111 .
1134 3054 1168 3109 19
1179 3051 1323 3108 ἐπιδώσειν
1333 3054 1367 3108 Α.

277 3191 352 3244 artim
369 3191 396 3243 vi
413 3189 510 3261 partim
527 3188 678 3258 proditione
694 3193 841 3245 Tarentum
864 3191 945 3260 cepit.
982 3207 1058 3261 quern
1076 3191 1163 3245 dolam
1180 3208 1262 3260 aegre
1280 3193 1368 3245 serens

285 3261 390 3314 annibal
414 3261 473 3331 pari
499 3259 557 3311 doio
576 3259 687 3314 Fabium
705 3260 924 3328 ulciscimini,
950 3258 1028 3330 eique
1045 3261 1152 3313 litteras
1170 3261 1368 3330 Metapontino-

257 3347 313 3384 rum
332 3330 428 3382 civium
445 3328 549 3380 nomine
566 3331 659 3382 scribit
676 3331 709 3384 de
727 3329 863 3398 prodenda
879 3331 995 3396 civitate,
1014 3346 1072 3382 eum
1085 3337 1187 3382 temere
1200 3329 1368 3384 accedentem

255 3400 283 3451 in
299 3399 410 3452 insidias
427 3398 592 3466 delapsarum
611 3415 669 3450 esse
684 3404 769 3452 retus.
805 3414 896 3450 vernrn
915 3397 960 3450 iiie
977 3399 1126 3468 suspicatus
1144 3398 1209 3466 qnid
1226 3398 1267 3452 rei
1285 3407 1365 3464 esset,

255 3468 353 3520 litteris
376 3469 410 3520 iis
435 3485 492 3520 cunr
517 3465 566 3518 iliis
592 3469 749 3536 comparatis
774 3484 839 3535 quas
865 3467 1005 3536 aliqnando
1029 3466 1186 3520 Tarentinis
1211 3469 1366 3538 scripserat,

255 3537 363 3589 insidias
382 3553 415 3588 ex
432 3553 520 3588 earum
539 3534 708 3588 similitudine
725 3536 910 3606 deprehendit.

359 3605 501 3657 Enimvero
520 3604 628 3674 Scipio,
654 3605 773 3674 quamvis
792 3613 820 3660 et
836 3605 919 3675 patris
936 3609 964 3657 et
980 3604 1069 3673 patrui
1086 3603 1192 3658 caedem
1209 3606 1302 3658 ulcisci
1319 3623 1366 3657 cn·

255 3673 331 3744 piens
349 3679 378 3724 et
394 3673 457 3725 beili
474 3673 583 3740 gloriam
599 3683 741 3744 expetens,
759 3693 811 3727 non
829 3683 915 3726 tamen
934 3673 1101 3742 properavit,
1120 3675 1153 3726 ob
1171 3675 1284 3727 hostium
1301 3675 1365 3726 soui-

254 3741 406 3805 titudinem
435 3741 481 3792 sed
506 3759 564 3794 cnm
589 3761 635 3796 eos
659 3746 737 3812 longe
754 3744 782 3795 in
800 3743 916 3796 hibernis
936 3742 1030 3794 abesse
1048 3743 1233 3811 cognovisset,
1261 3743 1365 3796 omissis

255 3811 293 3864 eis
317 3815 391 3864 tenta
414 3809 552 3864 celeritate
577 3819 605 3863 et
627 3813 860 3895 circumspectione
882 3811 1197 3878 NovanCarthaginem
1221 3811 1364 3879 contendit,

223 3882 228 3891 “
254 3879 361 4000 ptbeius
377 3879 506 3931 adventus
526 3895 578 3931 non
595 3881 667 3949 prins
684 3889 827 3936 resciretur
845 3897 921 3949 qnam
940 3879 1059 3943 ndesset3
1077 3881 1221 3952 urbemque
1238 3897 1289 3933 non
1306 3881 1366 3933 sine

265 3964 345 4000 aore
361 3947 444 4016 capit.

360 4018 399 4068 Ea
418 4019 568 4084 expugnata
586 4033 676 4084 parurn
695 4017 789 4070 aberet
806 4017 870 4086 quin
886 4016 996 4068 ιοοπίωο
1014 4016 1085 4068 inter
1102 4018 1197 4072 milites
1217 4024 1275 4072 orta
1293 4022 1365 4070 asset

256 4083 359 4138 seditio.
396 4101 454 4137 nam
472 4099 528 4134 cum
546 4084 637 4166 Scipio
660 4085 684 4136 ei
708 4087 753 4154 qui
776 4087 874 4154 primns
897 4103 995 4138 murum
1020 4088 1217 4161 conscendisset
1242 4105 1365 4140 eoronam

192 4153 194 4164 '
256 4161 327 4207 asset
344 4153 493 4225 pollicitus,
513 4151 611 4204 accida
629 4161 659 4204 nt
676 4153 728 4204 dno
745 4153 807 4219 viri,
828 4153 895 4206 alter
911 4154 1043 4206 Romanus
1061 4155 1128 4207 aiter
1146 4175 1179 4208 ex
1195 4157 1289 4224 sociis,
1308 4172 1364 4208 eam

256 4223 307 4276 sibi
325 4223 428 4280 landem
447 4220 624 4274 vindicarent:
643 4237 752 4290 quorum
769 4240 804 4275 ex
820 4223 987 4276 contentione
1004 4223 1096 4292 ingens
1113 4225 1233 4294 reliquae
1247 4225 1364 4279 multitu-

256 4291 323 4346 dinis
340 4291 464 4346 turnultns
482 4289 587 4343 exarsit.
623 4295 652 4346 at
667 4291 736 4344 hand
754 4291 834 4345 dabie
850 4293 958 4361 ρτετίοι
975 4291 1074 4361 sliquid
1091 4295 1240 4361 accidisset,
1260 4293 1286 4346 ni
1304 4293 1364 4346 Sei-
1422 4347 1432 4357 ,
