3134 4909
260 254 337 327 544
618 252 792 321 loturus
818 250 1016 319 ZONARAE

259 425 387 512 νομεν.”
414 422 432 493 δ
449 425 484 493 δέ
495 424 661 503 Ἰουλιανὸς
676 424 749 503 τοδς
763 430 862 491 ταῦτα
878 424 1020 509 λίγυντας
1036 422 1172 487 ἐκίλευσε
1189 420 1373 486 κτείνεσθαι.

261 535 313 597 καὶ
338 528 354 595 ὃ
381 518 480 613 δῆμος
505 528 549 595 ἔτι
575 527 765 612 παρώξυντο,
790 530 922 593 καὶτοῦ
944 551 977 591 τε
994 526 1182 611 Περτίνακος
1206 524 1371 607 ἐμέμνηντο

262 637 314 699 καί
340 635 372 709 ἐς
398 633 452 698 τδν
475 631 639 697 ’ίουλιανδν
666 632 873 697 ἀπέσκωπτον.
924 632 975 695 καί
1003 630 1109 693 πολλοί
1135 631 1292 708 πολλαχσῦ
1316 630 1373 709 τῆς

260 734 377 813 πόλεως
393 732 626 821 τιτρωσκόμενοι
644 737 694 799 καί
711 731 891 815 κτεινόμενοι
909 732 1053 815 ἀντεῖχον,
1079 734 1131 795 καί
1155 729 1236 795 ὅπλα
1259 726 1372 809 λαβόν-

260 864 311 915 τες
326 839 515 923 συνέδραμον
539 841 581 915 είς
603 838 657 903 τδν
681 834 881 922 ἱππόδρομον,
907 834 985 900 ἔνθα
1007 832 1101 901 νόκτα
1124 858 1157 898 τε
1181 835 1232 897 καί
1254 828 1398 915 ήμίρανὸ

263 940 409 1026 διήγαγον
425 940 526 1008 ἄσιτοι
543 937 741 1021 ἐπιβοώμενοι
758 940 832 1015 τοὺς
847 930 972 1014 λοιποὺς
988 934 1192 1021 στρατιώτας,
1218 938 1269 1000 καί
1291 940 1375 1017 μᾶλ-

263 1049 317 1109 λον
333 1045 387 1109 τάν
403 1046 519 1129 Νίγρον
535 1043 589 1109 τόν
605 1043 788 1108 Πεσκίννιον
806 1043 857 1106 καί
872 1040 945 1117 τοάς
962 1040 1034 1122 μετ’
1054 1040 1151 1105 αάτοῦ
1167 1040 1200 1103 ἐν
1218 1044 1257 1124 τῇ
1274 1038 1375 1128 Συρίρ

122 1152 248 1210 Plooe
264 1145 364 1224 όντας.
415 1144 480 1212 εἶτα
504 1152 549 1233 τῷ
572 1150 654 1232 λιμῷ
677 1148 729 1209 καί
751 1150 791 1231 τῇ
815 1144 964 1233 ἀγρυπνίᾳ
981 1143 1171 1219 κακωθέντες
1188 1138 1375 1223 διελύθησαν

263 1253 314 1315 καί
331 1247 494 1332 ήσόχαζον.
541 1247 706 1324 Ἰουλιανὸς
728 1247 762 1311 δέ
787 1245 885 1323 οὕτως
907 1246 962 1330 τήν
979 1246 1077 1332 ἀρχὴν
1093 1241 1236 1331 ἀρπάσας
1251 1244 1375 1308 ἀνελευ-

264 1353 367 1435 θίρως
383 1352 462 1438 adef]
478 1352 605 1433 ἐχρῆτο)
639 1346 793 1416 θωπεόων
817 1352 872 1432 τὴν
885 1342 1013 1430 ’βουλήν
1038 1351 1089 1413 καί
1106 1345 1178 1425 νοός
1193 1374 1223 1414 τι
1240 1346 1374 1428 ‹locupi-
1382 1354 1420 1408 1⁰

205 1462 208 1470 ’
263 1480 351 1546 νουις,
378 1458 428 1518 καί
446 1454 485 1519 τὰ
502 1456 559 1535 μέν
572 1450 771 1538 χαριζόμενος
788 1452 827 1517 τὰ
844 1455 863 1515 δ
870 1453 878 1479 '
899 1449 1170 1535 ἐπαγγελλόμενος·
1196 1453 1247 1515 καί
1272 1448 1374 1514 πάντα

264 1560 313 1623 ἐπὶ
329 1559 480 1647 θεραπείᾳ
496 1556 588 1621 ἐποίει
604 1564 666 1621 τῶν
682 1558 831 1632 δυνατῶν,
854 1554 890 1621 cai
908 1555 1012 1636 pleros
1030 1557 1080 1618 καί
1097 1551 1277 1619 ἐπιστεύετο.

369 1666 479 1724 Ταῦτα
506 1660 563 1739 μέν
587 1650 642 1722 σόν
668 1657 747 1723 κατά
774 1657 830 1741 τήν
851 1654 971 1740 Ῥιόμην
995 1654 1179 1740 ἐπράττετο·
1205 1656 1234 1721 oi
1258 1655 1292 1719 δὲ
1314 1660 1375 1721 τῶν

265 1761 479 1847 στρατοπέδων
495 1757 639 1846 ήγεμόνες
658 1770 739 1846 τρεῖς
757 1758 856 1838 ὄντες,
881 1759 899 1824 ὅ
921 1785 953 1826 τε
971 1762 1107 1845 Σευῆρος
1129 1766 1186 1843 τῆς
1202 1760 1377 1836 Παννονίας

266 1864 381 1952 ἄρχων,
406 1872 463 1942 τῆς
479 1866 595 1949 Συρίας
616 1864 649 1928 δ’
675 1860 692 1929 δ
710 1865 844 1949 Νίγρος,
870 1868 925 1946 τῆς
943 1864 1129 1946 Βρεττανίας
1146 1864 1179 1927 δὲ
1196 1858 1373 1941 δἈλβῖνος,
1381 1870 1419 1927 16

111 1978 148 2035 W
159 1976 251 2033 1121!
268 1972 311 2045 είς
333 1969 514 2053 καθαίρεσιν
534 1972 590 2032 τοῦ
605 1965 773 2031 Ἰουλιανσῦ
789 1966 827 2030 τὰ
845 1969 912 2053 περί
932 1948 1029 2030 ἐιάτοῦ
1043 1964 1198 2046 μαθόντες
1215 1966 1377 2047 κεκίνηντο.

265 2078 327 2136 τῶν
343 2068 444 2135 ἀλλων
462 2070 494 2133 δὲ
511 2064 528 2133 ό
546 2072 683 2154 Σευῆρος
699 2066 867 2153 δεινότερος
882 2066 925 2132 τόν
942 2069 1098 2151 ἐλογίσατο
1113 2064 1171 2146 ὡς,
1191 2071 1217 2133 εί
1232 2068 1286 2134 τὸν
1298 2068 1377 2132 ’lov-

266 2172 370 2249 λιανδν
386 2168 608 2248 καταλδσουσι,
631 2172 736 2257 σφίσιν
753 2170 858 2247 αὐτοῖς
875 2170 904 2235 oi
922 2180 1002 2257 τρεῖς
1022 2168 1292 2256 ἀμφισβητήσουσι
1309 2172 1377 2255 περὶ

227 2286 250 2341 Β
267 2285 322 2361 τῆς
338 2276 446 2363 ἀρχῆς.
486 2272 561 2359 ἔγνω
578 2274 748 2341 τοίνυντδν
765 2274 818 2338 ἵνα
834 2272 1145 2360 προσοικειοόσασθαιι
1186 2272 1232 2339 ὅτι
1249 2274 1283 2339 δὲ
1296 2298 1378 2357 πορ-

267 2381 391 2465 ρωτίρω
413 2378 509 2442 αάτοῦ
531 2374 681 2463 δΝίγρος
703 2373 862 2461 ἐτόγχανεν
881 2374 934 2454 τόν,
959 2379 1010 2440 καί
1033 2377 1112 2461 μίγα
1137 2386 1260 2464 φρονεῖν
1285 2376 1421 2447 acirim

268 2483 382 2561 εἴκαζεν
398 2482 628 2564 ἐπικεκλημένον
643 2477 704 2544 dud
720 2486 777 2544 tori
794 2476 893 2562 δήμου
912 2476 954 2554 ὥς
970 2479 1097 2564 εἷ’ρηται,
1119 2480 1195 2565 πρδς
1211 2478 1263 2545 τὸν
1276 2479 1377 2559 Ἀλβῖ-

206 2569 213 2579 ’
266 2609 319 2650 νον
336 2583 498 2660 ἀπίνευσε,
515 2584 566 2646 καί
584 2583 627 2646 δι’
647 2578 829 2668 ἀπορρήτων
845 2582 930 2671 dirupi
946 2579 1061 2669 ἔγραψε
1080 2583 1228 2669 Καίσαρα
1244 2580 1379 2666 ποιήσειν

337 2806 508 2880 Ξέμίμνητο
525 2808 556 2865 Β.
651 2802 847 2880 δάνίδροιμον
864 2811 898 2865 Α.
985 2804 1053 2866 9δέ
1070 2828 1112 2865 cru
1128 2812 1159 2867 (l.
1246 2827 1328 2871 avane
1345 2811 1378 2865 A.

338 2877 440 3003 :zlapi
464 2876 554 2931 ταῦτα
575 2871 628 2947 pla
646 2872 720 2932 aurci
736 2880 771 2933 Δ.
876 2880 911 2934 14
927 2880 1125 2943 nnanaaalccli.
1229 2881 1263 2936 19
1280 2874 1328 2949 dl]
1346 2874 1379 2932 di

287 3153 317 3209 ui
332 3156 387 3209 ista
402 3152 523 3208 dicerent
538 3150 623 3205 occidi
639 3151 777 3221 iussisset,
803 3152 917 3224 populus
941 3155 1023 3225 anagia
1046 3156 1126 3209 etiam
1143 3154 1291 3211 concitatus
1308 3170 1380 3207 anen-

267 3232 344 3279 tnoue
360 3222 511 3278 Pertinacis
535 3222 608 3274 iacta
632 3220 760 3275 Iulianum
783 3222 892 3289 derisit3
919 3230 948 3277 et
970 3226 1091 3293 quamvis
1113 3226 1188 3278 multi
1210 3224 1311 3295 passim
1332 3239 1382 3293 per

268 3295 360 3347 urbem
378 3302 407 3347 et
423 3293 625 3346 vulnerarentur
642 3300 672 3343 at
688 3292 891 3361 occiderentur,
918 3298 1004 3346 tamen
1022 3312 1074 3347 non
1091 3293 1228 3347 cedebant.
1263 3310 1295 3346 ac
1312 3309 1383 3345 eun·

270 3363 324 3431 ptis
341 3362 421 3416 armis
437 3362 466 3413 io
483 3359 582 3413 curiam
600 3368 749 3429 equestrem
766 3378 895 3415 concursu
912 3362 984 3415 iacto
1002 3374 1101 3417 noctem
1129 3374 1156 3417 at
1181 3363 1249 3417 diean
1266 3362 1304 3415 lbi
1322 3362 1382 3414 eina

269 3432 329 3485 cibo
346 3433 487 3498 durarunt,
514 3428 630 3498 reliquos
647 3430 743 3484 milites
759 3430 947 3500 inclamantes,
964 3431 1135 3485 Pescennium
1153 3432 1265 3515 Nigrum
1282 3431 1309 3483 in
1326 3428 1382 3499 pri-

199 3540 203 3549 ,
270 3500 320 3553 nais
337 3508 365 3553 et
379 3500 504 3567 Syriacas
522 3498 580 3551 eius
597 3498 725 3566 legiones.
760 3499 854 3553 deinde
879 3500 949 3553 ianae
973 3510 1000 3553 et
1025 3500 1126 3571 vigiliis
1152 3501 1258 3570 fatigati
1277 3501 1381 3561 domum

269 3568 384 3636 quiaque
401 3586 430 3620 se
447 3575 615 3637 receperunt.
650 3567 768 3621 Iulianus
787 3586 850 3622 vero
869 3578 899 3623 ut
916 3570 1050 3639 imperinm
1067 3576 1209 3639 rapuerat,
1233 3568 1273 3622 sic
1296 3568 1384 3621 illibe-

269 3638 364 3690 raliter
380 3653 412 3689 eo
429 3653 493 3689 usus
513 3644 569 3703 eat,
594 3636 699 3689 senatui
723 3643 751 3689 et
773 3638 807 3691 iis
831 3639 877 3707 qui
895 3637 994 3707 aliquid
1011 3647 1136 3708 poterant
1152 3637 1323 3703 mentando,
1349 3654 1382 3689 ac

270 3706 365 3777 partim
383 3704 503 3757 donando
522 3706 617 3772 partim
634 3706 790 3776 pollicendo.
825 3706 944 3776 quamvis
968 3716 1054 3761 autem
1077 3708 1140 3760 nihil
1162 3725 1214 3760 non
1231 3708 1267 3761 ad
1284 3704 1383 3759 cultum

269 3774 449 3845 potentiorum
467 3774 578 3839 iaceret,
595 3782 682 3827 tanen
700 3775 794 3827 nemini
811 3776 888 3827 fidedn
908 3776 1032 3829 faciebat.
1195 3824 1206 3843 ,

376 3844 454 3905 Quae
472 3842 531 3894 dum
550 3841 648 3894 Romae
665 3854 790 3912 aguntur,
807 3850 864 3897 tres
882 3844 1043 3897 exercituum
1060 3845 1157 3909 duces,
1176 3846 1293 3897 Severus
1312 3842 1382 3895 Pan-

270 3911 374 3979 noniae,
391 3912 478 3980 Niger
493 3910 600 3977 Syriae,
617 3911 729 3965 Albinus
746 3914 909 3978 Britanniae,
928 3914 1044 3981 cognitio
1060 3914 1155 3967 iuliani
1174 3915 1254 3965 rebus
1272 3912 1306 3965 ad
1322 3928 1386 3964 eum,

269 3980 464 4066 opprimendum
480 3990 665 4049 properarunt.
692 3989 823 4035 caeterum
841 3982 957 4035 Severus
976 3984 1091 4035 caeteris
1107 3982 1227 4035 callidior
1245 3999 1302 4035 curn
1319 3996 1384 4048 pro·

269 4057 388 4119 epacaret
403 4066 497 4101 averso
516 4048 616 4102 iuliano
638 4050 754 4120 reliquos
775 4060 832 4102 tres
853 4051 924 4101 inter
947 4068 977 4103 ao
998 4052 1031 4103 de
1047 4052 1195 4123 principatu
1213 4050 1382 4107 dimicaunros

270 4118 1382 4309 {dictatitillltziitssffiiil·,dictitati⁰¹l⁰¹¹dtit⁸l

1120 4227 1128 4255 i

272 4272 332 4310 euna
348 4258 499 4313 nominatim
517 4256 699 4326 implorasset,
723 4274 741 4311 a
810 4256 898 4311 binum
919 4258 1072 4329 inchoarat,
1095 4258 1173 4329 eique
1190 4258 1257 4313 claun
1274 4254 1384 4327 scripsit
1468 4320 1472 4325 Ι
