<?xml version="1.0" encoding="UTF-8"?>
<!DOCTYPE html PUBLIC "-//W3C//DTD XHTML 1.0 Transitional//EN"
    "http://www.w3.org/TR/xhtml1/DTD/xhtml1-transitional.dtd">
<html xmlns="http://www.w3.org/1999/xhtml" xml:lang="en" lang="en">
 <head>
  <title>
</title>
<meta http-equiv="Content-Type" content="text/html;charset=utf-8" />
  <meta name='ocr-system' content='tesseract 3.04.00' />
  <meta name='ocr-capabilities' content='ocr_page ocr_carea ocr_par ocr_line ocrx_word'/>
</head>
<body>
  <div class='ocr_page' id='page_1' title='image "./corpusscriptoru42theogoog/corpusscriptoru42theogoog_0231.png"; bbox 0 0 3134 4909; ppageno 0'>
   <div class='ocr_carea' id='block_1_1' title="bbox 573 231 1335 398">
    <p class='ocr_par' dir='ltr' id='par_1_1' title="bbox 573 231 1335 398">
     <span class='ocr_line' id='line_1_1' title="bbox 573 231 1335 398; baseline 0.012 -49"><span class='ocrx_word' id='word_1_1' title='bbox 573 231 789 350; x_wconf 66' lang='lat' dir='ltr'>substitui</span> <span class='ocrx_word' id='word_1_2' title='bbox 812 285 866 352; x_wconf 85' lang='lat' dir='ltr'><strong><em>1x</em></strong></span> <span class='ocrx_word' id='word_1_3' title='bbox 890 287 922 354; x_wconf 84' lang='grc'><strong><em>8.</em></strong></span> <span class='ocrx_word' id='word_1_4' title='bbox 1227 287 1305 358; x_wconf 82' lang='grc'><strong><em>219</em></strong></span> <span class='ocrx_word' id='word_1_5' title='bbox 1329 388 1335 398; x_wconf 15' lang='grc' dir='ltr'><strong><em>ρ</em></strong></span> 
     </span>
    </p>
   </div>
   <div class='ocr_carea' id='block_1_2' title="bbox 155 453 1347 2596">
    <p class='ocr_par' dir='ltr' id='par_1_2' title="bbox 192 453 1345 853">
     <span class='ocr_line' id='line_1_2' title="bbox 194 453 1303 549; baseline 0.003 -27"><span class='ocrx_word' id='word_1_6' title='bbox 194 453 338 538; x_wconf 90' lang='grc' dir='ltr'><strong><em>τούμενον</em></strong></span> <span class='ocrx_word' id='word_1_7' title='bbox 355 453 447 521; x_wconf 68' lang='lat' dir='ltr'>abab</span> <span class='ocrx_word' id='word_1_8' title='bbox 465 453 622 521; x_wconf 72' lang='grc' dir='ltr'><strong><em>ἀπέλυσεν.</em></strong></span> <span class='ocrx_word' id='word_1_9' title='bbox 675 454 845 543; x_wconf 73' lang='grc' dir='ltr'><strong><em>ἀφεθέντος</em></strong></span> <span class='ocrx_word' id='word_1_10' title='bbox 862 456 896 521; x_wconf 79' lang='grc' dir='ltr'><strong><em>δέ</em></strong></span> <span class='ocrx_word' id='word_1_11' title='bbox 913 453 1096 542; x_wconf 80' lang='grc' dir='ltr'><strong><em>ώμονάησαν</em></strong></span> <span class='ocrx_word' id='word_1_12' title='bbox 1112 458 1225 549; x_wconf 73' lang='grc' dir='ltr'><strong><em>ἄμφω,</em></strong></span> <span class='ocrx_word' id='word_1_13' title='bbox 1251 463 1303 526; x_wconf 75' lang='grc' dir='ltr'><strong><em>καὶ</em></strong></span> 
     </span>
     <span class='ocr_line' id='line_1_3' title="bbox 194 556 1304 651; baseline 0 -24"><span class='ocrx_word' id='word_1_14' title='bbox 194 556 383 646; x_wconf 81' lang='grc' dir='ltr'><strong><em>στρατιώτας</em></strong></span> <span class='ocrx_word' id='word_1_15' title='bbox 405 559 490 645; x_wconf 80' lang='grc' dir='ltr'><strong><em>παρὰ</em></strong></span> <span class='ocrx_word' id='word_1_16' title='bbox 515 564 571 624; x_wconf 85' lang='grc' dir='ltr'><strong><em>τοῦ</em></strong></span> <span class='ocrx_word' id='word_1_17' title='bbox 589 559 778 644; x_wconf 76' lang='grc' dir='ltr'><strong><em>Μαρκέλλου</em></strong></span> <span class='ocrx_word' id='word_1_18' title='bbox 803 556 1022 646; x_wconf 67' lang='grc' dir='ltr'><strong><em>ἐπαγαγόμενοι</em></strong></span> <span class='ocrx_word' id='word_1_19' title='bbox 1039 558 1095 644; x_wconf 74' lang='grc' dir='ltr'><strong><em>τήν</em></strong></span> <span class='ocrx_word' id='word_1_20' title='bbox 1111 589 1144 630; x_wconf 89' lang='grc' dir='ltr'><strong><em>τε</em></strong></span> <span class='ocrx_word' id='word_1_21' title='bbox 1161 565 1304 651; x_wconf 79' lang='grc' dir='ltr'><strong><em>φρουρὰν</em></strong></span> 
     </span>
     <span class='ocr_line' id='line_1_4' title="bbox 192 660 1345 750; baseline 0.001 -21"><span class='ocrx_word' id='word_1_22' title='bbox 192 669 254 730; x_wconf 86' lang='grc' dir='ltr'><strong><em>τών</em></strong></span> <span class='ocrx_word' id='word_1_23' title='bbox 285 663 508 746; x_wconf 71' lang='grc' dir='ltr'><strong><em>Καρχηδονίων</em></strong></span> <span class='ocrx_word' id='word_1_24' title='bbox 543 661 718 744; x_wconf 79' lang='grc' dir='ltr'><strong><em>κατέκοψαν</em></strong></span> <span class='ocrx_word' id='word_1_25' title='bbox 755 663 807 726; x_wconf 81' lang='grc' dir='ltr'><strong><em>καλ</em></strong></span> <span class='ocrx_word' id='word_1_26' title='bbox 843 662 898 745; x_wconf 77' lang='grc' dir='ltr'><strong><em>τὴν</em></strong></span> <span class='ocrx_word' id='word_1_27' title='bbox 933 660 1022 729; x_wconf 87' lang='grc' dir='ltr'><strong><em>πάλιν</em></strong></span> <span class='ocrx_word' id='word_1_28' title='bbox 1051 674 1115 743; x_wconf 76' lang='grc' dir='ltr'><strong><em>τοῖς</em></strong></span> <span class='ocrx_word' id='word_1_29' title='bbox 1140 663 1345 750; x_wconf 81' lang='grc' dir='ltr'><strong><em>Ῥωμαίοιςο</em></strong></span> 
     </span>
     <span class='ocr_line' id='line_1_5' title="bbox 193 765 377 853; baseline -0.016 -21"><span class='ocrx_word' id='word_1_30' title='bbox 193 765 377 853; x_wconf 78' lang='grc' dir='ltr'><strong><em>παρέδοσαν.</em></strong></span> 
     </span>
    </p>

    <p class='ocr_par' dir='ltr' id='par_1_3' title="bbox 171 865 1307 1368">
     <span class='ocr_line' id='line_1_6' title="bbox 171 865 1303 959; baseline 0.003 -24"><span class='ocrx_word' id='word_1_31' title='bbox 171 883 187 935; x_wconf 84' lang='grc'>5</span> <span class='ocrx_word' id='word_1_32' title='bbox 299 869 363 931; x_wconf 78' lang='grc' dir='ltr'><strong><em>Καὶ</em></strong></span> <span class='ocrx_word' id='word_1_33' title='bbox 389 865 468 934; x_wconf 75' lang='grc' dir='ltr'><strong><em>οὕτω</em></strong></span> <span class='ocrx_word' id='word_1_34' title='bbox 493 869 549 950; x_wconf 80' lang='grc' dir='ltr'><strong><em>μέν</em></strong></span> <span class='ocrx_word' id='word_1_35' title='bbox 573 867 605 932; x_wconf 86' lang='grc' dir='ltr'><strong><em>ίν</em></strong></span> <span class='ocrx_word' id='word_1_36' title='bbox 628 873 666 954; x_wconf 80' lang='grc' dir='ltr'><strong><em>τῇ</em></strong></span> <span class='ocrx_word' id='word_1_37' title='bbox 688 867 803 958; x_wconf 76' lang='grc' dir='ltr'><strong><em>Ἰταλίη</em></strong></span> <span class='ocrx_word' id='word_1_38' title='bbox 826 867 916 952; x_wconf 72' lang='grc' dir='ltr'><strong><em>ἴσχον</em></strong></span> <span class='ocrx_word' id='word_1_39' title='bbox 938 879 1001 947; x_wconf 80' lang='grc' dir='ltr'><strong><em>τοῖς</em></strong></span> <span class='ocrx_word' id='word_1_40' title='bbox 1018 873 1242 959; x_wconf 72' lang='grc' dir='ltr'><strong><em>Καρχηδονίοις</em></strong></span> <span class='ocrx_word' id='word_1_41' title='bbox 1264 873 1303 938; x_wconf 81' lang='grc' dir='ltr'><strong><em>τιλ</em></strong></span> 
     </span>
     <span class='ocr_line' id='line_1_7' title="bbox 194 962 1307 1061; baseline 0.005 -27"><span class='ocrx_word' id='word_1_42' title='bbox 194 967 377 1057; x_wconf 87' lang='grc' dir='ltr'><strong><em>πράγματα·</em></strong></span> <span class='ocrx_word' id='word_1_43' title='bbox 411 973 462 1035; x_wconf 78' lang='grc' dir='ltr'><strong><em>καὶ</em></strong></span> <span class='ocrx_word' id='word_1_44' title='bbox 486 970 557 1035; x_wconf 77' lang='grc' dir='ltr'><strong><em>ούιλ’</em></strong></span> <span class='ocrx_word' id='word_1_45' title='bbox 583 967 744 1055; x_wconf 79' lang='grc' dir='ltr'><strong><em>ἦΣικελία</em></strong></span> <span class='ocrx_word' id='word_1_46' title='bbox 768 962 808 1054; x_wconf 78' lang='grc' dir='ltr'><strong><em>ἦν</em></strong></span> <span class='ocrx_word' id='word_1_47' title='bbox 832 967 980 1040; x_wconf 81' lang='grc' dir='ltr'><strong><em>εύνοούσα</em></strong></span> <span class='ocrx_word' id='word_1_48' title='bbox 1006 973 1127 1052; x_wconf 84' lang='grc' dir='ltr'><strong><em>αύτοῖς,</em></strong></span> <span class='ocrx_word' id='word_1_49' title='bbox 1158 973 1237 1038; x_wconf 79' lang='grc' dir='ltr'><strong><em>ἀλλὰ</em></strong></span> <span class='ocrx_word' id='word_1_50' title='bbox 1261 980 1307 1061; x_wconf 79' lang='grc' dir='ltr'><strong><em>τῷ</em></strong></span> 
     </span>
     <span class='ocr_line' id='line_1_8' title="bbox 193 1069 1306 1163; baseline 0.004 -25"><span class='ocrx_word' id='word_1_51' title='bbox 193 1069 301 1160; x_wconf 82' lang='grc' dir='ltr'><strong><em>ύπάτῳ</em></strong></span> <span class='ocrx_word' id='word_1_52' title='bbox 319 1079 363 1161; x_wconf 77' lang='grc' dir='ltr'><strong><em>τῷ</em></strong></span> <span class='ocrx_word' id='word_1_53' title='bbox 379 1074 539 1162; x_wconf 74' lang='grc' dir='ltr'><strong><em>Λαουϊνίῳ</em></strong></span> <span class='ocrx_word' id='word_1_54' title='bbox 557 1072 782 1162; x_wconf 78' lang='grc' dir='ltr'><strong><em>προσεχώρουν.</em></strong></span> <span class='ocrx_word' id='word_1_55' title='bbox 833 1071 935 1160; x_wconf 75' lang='grc' dir='ltr'><strong><em>ἡγεῖτο</em></strong></span> <span class='ocrx_word' id='word_1_56' title='bbox 961 1076 1019 1158; x_wconf 76' lang='grc' dir='ltr'><strong><em>μέν</em></strong></span> <span class='ocrx_word' id='word_1_57' title='bbox 1042 1078 1102 1163; x_wconf 81' lang='grc' dir='ltr'><strong><em>γὰρ</em></strong></span> <span class='ocrx_word' id='word_1_58' title='bbox 1127 1082 1187 1142; x_wconf 82' lang='grc' dir='ltr'><strong><em>τῶν</em></strong></span> <span class='ocrx_word' id='word_1_59' title='bbox 1213 1079 1244 1142; x_wconf 76' lang='grc' dir='ltr'><strong><em>ἓν</em></strong></span> <span class='ocrx_word' id='word_1_60' title='bbox 1268 1083 1306 1163; x_wconf 82' lang='grc' dir='ltr'><strong><em>τῇ</em></strong></span> 
     </span>
     <span class='ocr_line' id='line_1_9' title="bbox 196 1174 1307 1268; baseline 0.004 -30"><span class='ocrx_word' id='word_1_61' title='bbox 196 1177 319 1265; x_wconf 76' lang='grc' dir='ltr'><strong><em>Σικελίᾳ</em></strong></span> <span class='ocrx_word' id='word_1_62' title='bbox 337 1177 557 1261; x_wconf 76' lang='grc' dir='ltr'><strong><em>Καρχηδονίων</em></strong></span> <span class='ocrx_word' id='word_1_63' title='bbox 566 1174 690 1255; x_wconf 70' lang='grc' dir='ltr'><strong><em>Ἄννιον,</em></strong></span> <span class='ocrx_word' id='word_1_64' title='bbox 717 1175 968 1264; x_wconf 71' lang='grc' dir='ltr'><strong><em>συνεστρατεύετο</em></strong></span> <span class='ocrx_word' id='word_1_65' title='bbox 987 1179 1021 1243; x_wconf 75' lang='grc' dir='ltr'><strong><em>δέ</em></strong></span> <span class='ocrx_word' id='word_1_66' title='bbox 1039 1179 1192 1268; x_wconf 74' lang='grc' dir='ltr'><strong><em>αὐτῷκαὶ</em></strong></span> <span class='ocrx_word' id='word_1_67' title='bbox 1211 1182 1307 1243; x_wconf 87' lang='grc' dir='ltr'><strong><em>Μου-</em></strong></span> 
     </span>
     <span class='ocr_line' id='line_1_10' title="bbox 196 1277 1307 1368; baseline 0.003 -27"><span class='ocrx_word' id='word_1_68' title='bbox 196 1281 289 1355; x_wconf 86' lang='grc' dir='ltr'><strong><em>τίνας.</em></strong></span> <span class='ocrx_word' id='word_1_69' title='bbox 342 1277 377 1354; x_wconf 82' lang='grc' dir='ltr'><strong><em>ὃς</em></strong></span> <span class='ocrx_word' id='word_1_70' title='bbox 393 1277 492 1342; x_wconf 85' lang='grc' dir='ltr'><strong><em>συνών</em></strong></span> <span class='ocrx_word' id='word_1_71' title='bbox 509 1283 552 1365; x_wconf 79' lang='grc' dir='ltr'><strong><em>τῷ</em></strong></span> <span class='ocrx_word' id='word_1_72' title='bbox 565 1278 686 1368; x_wconf 78' lang='grc' dir='ltr'><strong><em>Ἀννίβᾳ</em></strong></span> <span class='ocrx_word' id='word_1_73' title='bbox 703 1278 819 1364; x_wconf 82' lang='grc' dir='ltr'><strong><em>πρώην,</em></strong></span> <span class='ocrx_word' id='word_1_74' title='bbox 845 1284 897 1346; x_wconf 80' lang='grc' dir='ltr'><strong><em>καὶ</em></strong></span> <span class='ocrx_word' id='word_1_75' title='bbox 923 1286 1096 1367; x_wconf 73' lang='grc' dir='ltr'><strong><em>φθονηθεὶς</em></strong></span> <span class='ocrx_word' id='word_1_76' title='bbox 1119 1280 1165 1346; x_wconf 82' lang='grc' dir='ltr'><strong><em>ὅτι</em></strong></span> <span class='ocrx_word' id='word_1_77' title='bbox 1186 1279 1307 1365; x_wconf 86' lang='grc' dir='ltr'><strong><em>μεγάλα</em></strong></span> 
     </span>
    </p>

    <p class='ocr_par' dir='ltr' id='par_1_4' title="bbox 155 1374 1347 1878">
     <span class='ocr_line' id='line_1_11' title="bbox 155 1374 1313 1470; baseline 0.003 -26"><span class='ocrx_word' id='word_1_78' title='bbox 155 1379 272 1468; x_wconf 77' lang='grc' dir='ltr'><strong><em>Ιοέργα</em></strong></span> <span class='ocrx_word' id='word_1_79' title='bbox 297 1379 408 1465; x_wconf 82' lang='grc' dir='ltr'><strong><em>άρετῇς</em></strong></span> <span class='ocrx_word' id='word_1_80' title='bbox 432 1381 633 1470; x_wconf 69' lang='grc' dir='ltr'><strong><em>ἐπεδείκνυτο,</em></strong></span> <span class='ocrx_word' id='word_1_81' title='bbox 665 1382 696 1457; x_wconf 84' lang='grc' dir='ltr'><strong><em>ές</em></strong></span> <span class='ocrx_word' id='word_1_82' title='bbox 713 1383 853 1448; x_wconf 78' lang='grc' dir='ltr'><strong><em>Σικελίαν</em></strong></span> <span class='ocrx_word' id='word_1_83' title='bbox 870 1384 1026 1470; x_wconf 74' lang='grc' dir='ltr'><strong><em>ἐπέμφθη.</em></strong></span> <span class='ocrx_word' id='word_1_84' title='bbox 1077 1381 1120 1460; x_wconf 87' lang='grc' dir='ltr'><strong><em>ώς</em></strong></span> <span class='ocrx_word' id='word_1_85' title='bbox 1143 1374 1197 1448; x_wconf 86' lang='grc' dir='ltr'><strong><em>ούν</em></strong></span> <span class='ocrx_word' id='word_1_86' title='bbox 1222 1382 1313 1448; x_wconf 77' lang='grc' dir='ltr'><strong><em>κάκεῖ</em></strong></span> 
     </span>
     <span class='ocr_line' id='line_1_12' title="bbox 195 1471 1309 1573; baseline 0 -25"><span class='ocrx_word' id='word_1_87' title='bbox 195 1487 344 1568; x_wconf 80' lang='grc' dir='ltr'><strong><em>λαμπρῶς</em></strong></span> <span class='ocrx_word' id='word_1_88' title='bbox 369 1471 529 1569; x_wconf 71' lang='grc' dir='ltr'><strong><em>ἱππάρχεε,</em></strong></span> <span class='ocrx_word' id='word_1_89' title='bbox 565 1479 685 1569; x_wconf 80' lang='grc' dir='ltr'><strong><em>φθόνον</em></strong></span> <span class='ocrx_word' id='word_1_90' title='bbox 712 1487 763 1548; x_wconf 75' lang='grc' dir='ltr'><strong><em>καὶ</em></strong></span> <span class='ocrx_word' id='word_1_91' title='bbox 786 1484 863 1573; x_wconf 80' lang='grc' dir='ltr'><strong><em>πρὸς</em></strong></span> <span class='ocrx_word' id='word_1_92' title='bbox 885 1491 940 1550; x_wconf 80' lang='grc' dir='ltr'><strong><em>τοῦ</em></strong></span> <span class='ocrx_word' id='word_1_93' title='bbox 958 1485 1105 1564; x_wconf 75' lang='grc' dir='ltr'><strong><em>Ἄννωνος</em></strong></span> <span class='ocrx_word' id='word_1_94' title='bbox 1127 1477 1231 1571; x_wconf 84' lang='grc' dir='ltr'><strong><em>ώφλε,</em></strong></span> <span class='ocrx_word' id='word_1_95' title='bbox 1256 1488 1309 1550; x_wconf 82' lang='grc' dir='ltr'><strong><em>καλ</em></strong></span> 
     </span>
     <span class='ocr_line' id='line_1_13' title="bbox 196 1582 1308 1673; baseline -0.002 -22"><span class='ocrx_word' id='word_1_96' title='bbox 196 1586 248 1651; x_wconf 75' lang='grc' dir='ltr'><strong><em>διὰ</em></strong></span> <span class='ocrx_word' id='word_1_97' title='bbox 270 1591 360 1651; x_wconf 80' lang='grc' dir='ltr'><strong><em>τοῦτο</em></strong></span> <span class='ocrx_word' id='word_1_98' title='bbox 386 1590 441 1668; x_wconf 79' lang='grc' dir='ltr'><strong><em>τῆς</em></strong></span> <span class='ocrx_word' id='word_1_99' title='bbox 466 1585 633 1671; x_wconf 75' lang='grc' dir='ltr'><strong><em>ἱππαρχίας</em></strong></span> <span class='ocrx_word' id='word_1_100' title='bbox 656 1582 791 1668; x_wconf 84' lang='grc' dir='ltr'><strong><em>έπαύθη.</em></strong></span> <span class='ocrx_word' id='word_1_101' title='bbox 843 1587 1007 1673; x_wconf 79' lang='grc' dir='ltr'><strong><em>περιαλγὴς</em></strong></span> <span class='ocrx_word' id='word_1_102' title='bbox 1031 1595 1105 1672; x_wconf 77' lang='grc' dir='ltr'><strong><em>γοῦν</em></strong></span> <span class='ocrx_word' id='word_1_103' title='bbox 1131 1589 1183 1652; x_wconf 77' lang='grc' dir='ltr'><strong><em>διὰ</em></strong></span> <span class='ocrx_word' id='word_1_104' title='bbox 1209 1594 1308 1652; x_wconf 78' lang='grc' dir='ltr'><strong><em>ταῦτα</em></strong></span> 
     </span>
     <span class='ocr_line' id='line_1_14' title="bbox 194 1685 1309 1775; baseline -0.002 -21"><span class='ocrx_word' id='word_1_105' title='bbox 194 1685 353 1775; x_wconf 83' lang='grc' dir='ltr'><strong><em>γενόμενος</em></strong></span> <span class='ocrx_word' id='word_1_106' title='bbox 369 1688 446 1774; x_wconf 85' lang='grc' dir='ltr'><strong><em>πρὸς</em></strong></span> <span class='ocrx_word' id='word_1_107' title='bbox 462 1686 534 1764; x_wconf 81' lang='grc' dir='ltr'><strong><em>τυιλς</em></strong></span> <span class='ocrx_word' id='word_1_108' title='bbox 552 1685 728 1771; x_wconf 82' lang='grc' dir='ltr'><strong><em>Ῥωμαίους</em></strong></span> <span class='ocrx_word' id='word_1_109' title='bbox 752 1688 901 1754; x_wconf 77' lang='grc' dir='ltr'><strong><em>ἀπέκλινε.</em></strong></span> <span class='ocrx_word' id='word_1_110' title='bbox 951 1693 1003 1754; x_wconf 82' lang='grc' dir='ltr'><strong><em>καλ</em></strong></span> <span class='ocrx_word' id='word_1_111' title='bbox 1021 1696 1142 1775; x_wconf 79' lang='grc' dir='ltr'><strong><em>πρώτον</em></strong></span> <span class='ocrx_word' id='word_1_112' title='bbox 1157 1688 1214 1770; x_wconf 76' lang='grc' dir='ltr'><strong><em>μέν</em></strong></span> <span class='ocrx_word' id='word_1_113' title='bbox 1230 1713 1309 1775; x_wconf 82' lang='grc' dir='ltr'><strong><em>προ-</em></strong></span> 
     </span>
     <span class='ocr_line' id='line_1_15' title="bbox 197 1784 1347 1878; baseline -0.005 -21"><span class='ocrx_word' id='word_1_114' title='bbox 197 1793 302 1857; x_wconf 84' lang='grc' dir='ltr'><strong><em>(λυσίαν</em></strong></span> <span class='ocrx_word' id='word_1_115' title='bbox 311 1787 513 1876; x_wconf 73' lang='grc' dir='ltr'><strong><em>Ἀκράγαντος</em></strong></span> <span class='ocrx_word' id='word_1_116' title='bbox 527 1791 691 1878; x_wconf 82' lang='grc' dir='ltr'><strong><em>συνέπραξε</em></strong></span> <span class='ocrx_word' id='word_1_117' title='bbox 705 1793 820 1878; x_wconf 84' lang='grc' dir='ltr'><strong><em>σφίσιν,</em></strong></span> <span class='ocrx_word' id='word_1_118' title='bbox 839 1789 902 1856; x_wconf 72' lang='grc' dir='ltr'><strong><em>εἶτα</em></strong></span> <span class='ocrx_word' id='word_1_119' title='bbox 913 1793 965 1856; x_wconf 81' lang='grc' dir='ltr'><strong><em>καὶ</em></strong></span> <span class='ocrx_word' id='word_1_120' title='bbox 978 1784 1075 1856; x_wconf 82' lang='grc' dir='ltr'><strong><em>τᾶλλα</em></strong></span> <span class='ocrx_word' id='word_1_121' title='bbox 1088 1788 1306 1876; x_wconf 84' lang='grc' dir='ltr'><strong><em>συγκατειργά-</em></strong></span> <span class='ocrx_word' id='word_1_122' title='bbox 1322 1796 1347 1851; x_wconf 78' lang='lat' dir='ltr'><strong><em>l)</em></strong></span> 
     </span>
    </p>

    <p class='ocr_par' dir='ltr' id='par_1_5' title="bbox 155 1885 1308 2080">
     <span class='ocr_line' id='line_1_16' title="bbox 155 1885 1308 1979; baseline 0 -20"><span class='ocrx_word' id='word_1_123' title='bbox 155 1904 189 1959; x_wconf 83' lang='grc'><strong><em>15</em></strong></span> <span class='ocrx_word' id='word_1_124' title='bbox 198 1919 273 1959; x_wconf 90' lang='grc' dir='ltr'><strong><em>σατο</em></strong></span> <span class='ocrx_word' id='word_1_125' title='bbox 280 1941 290 1972; x_wconf 97' lang='grc'><strong><em>,</em></strong></span> <span class='ocrx_word' id='word_1_126' title='bbox 326 1892 404 1959; x_wconf 87' lang='grc' dir='ltr'><strong><em>ώστε</em></strong></span> <span class='ocrx_word' id='word_1_127' title='bbox 421 1897 523 1959; x_wconf 80' lang='grc' dir='ltr'><strong><em>πᾶσαν</em></strong></span> <span class='ocrx_word' id='word_1_128' title='bbox 541 1885 635 1970; x_wconf 71' lang='grc' dir='ltr'><strong><em>αὖθις</em></strong></span> <span class='ocrx_word' id='word_1_129' title='bbox 650 1894 706 1978; x_wconf 78' lang='grc' dir='ltr'><strong><em>τὴν</em></strong></span> <span class='ocrx_word' id='word_1_130' title='bbox 722 1895 863 1960; x_wconf 83' lang='grc' dir='ltr'><strong><em>Σικελίαν</em></strong></span> <span class='ocrx_word' id='word_1_131' title='bbox 880 1891 935 1958; x_wconf 73' lang='grc' dir='ltr'><strong><em>ὑπ’</em></strong></span> <span class='ocrx_word' id='word_1_132' title='bbox 957 1893 1070 1971; x_wconf 81' lang='grc' dir='ltr'><strong><em>αύτούς</em></strong></span> <span class='ocrx_word' id='word_1_133' title='bbox 1085 1892 1158 1960; x_wconf 76' lang='grc' dir='ltr'><strong><em>ἄνευ</em></strong></span> <span class='ocrx_word' id='word_1_134' title='bbox 1173 1892 1308 1979; x_wconf 77' lang='grc' dir='ltr'><strong><em>μεγάλου</em></strong></span> 
     </span>
     <span class='ocr_line' id='line_1_17' title="bbox 197 1993 461 2080; baseline -0.004 -20"><span class='ocrx_word' id='word_1_135' title='bbox 197 1993 291 2062; x_wconf 83' lang='grc' dir='ltr'><strong><em>πόνου</em></strong></span> <span class='ocrx_word' id='word_1_136' title='bbox 308 1996 461 2080; x_wconf 86' lang='grc' dir='ltr'><strong><em>γενέσθαι.</em></strong></span> 
     </span>
    </p>

    <p class='ocr_par' dir='ltr' id='par_1_6' title="bbox 196 2093 1310 2393">
     <span class='ocr_line' id='line_1_18' title="bbox 300 2093 1310 2178; baseline -0.001 -14"><span class='ocrx_word' id='word_1_137' title='bbox 300 2099 332 2164; x_wconf 87' lang='grc'><strong><em>8.</em></strong></span> <span class='ocrx_word' id='word_1_138' title='bbox 380 2095 417 2163; x_wconf 82' lang='lat'><strong><em>‘0</em></strong></span> <span class='ocrx_word' id='word_1_139' title='bbox 442 2098 476 2162; x_wconf 80' lang='grc' dir='ltr'><strong><em>δέ</em></strong></span> <span class='ocrx_word' id='word_1_140' title='bbox 496 2093 618 2178; x_wconf 77' lang='grc' dir='ltr'><strong><em>Φάβιος</em></strong></span> <span class='ocrx_word' id='word_1_141' title='bbox 643 2101 694 2164; x_wconf 75' lang='grc' dir='ltr'><strong><em>καί</em></strong></span> <span class='ocrx_word' id='word_1_142' title='bbox 713 2096 730 2166; x_wconf 82' lang='grc' dir='ltr'><em>ὃ</em></span> <span class='ocrx_word' id='word_1_143' title='bbox 751 2098 895 2178; x_wconf 82' lang='grc' dir='ltr'><strong><em>Φλάκκος</em></strong></span> <span class='ocrx_word' id='word_1_144' title='bbox 912 2099 1008 2178; x_wconf 75' lang='grc' dir='ltr'><strong><em>ἄλλας</em></strong></span> <span class='ocrx_word' id='word_1_145' title='bbox 1024 2127 1056 2167; x_wconf 91' lang='grc' dir='ltr'><strong><em>τε</em></strong></span> <span class='ocrx_word' id='word_1_146' title='bbox 1074 2099 1177 2178; x_wconf 80' lang='grc' dir='ltr'><strong><em>πόλεις</em></strong></span> <span class='ocrx_word' id='word_1_147' title='bbox 1193 2099 1310 2175; x_wconf 80' lang='grc' dir='ltr'><strong><em>πολλὰς</em></strong></span> 
     </span>
     <span class='ocr_line' id='line_1_19' title="bbox 196 2198 1309 2288; baseline -0.004 -19"><span class='ocrx_word' id='word_1_148' title='bbox 196 2205 248 2269; x_wconf 86' lang='grc' dir='ltr'><strong><em>καλ</em></strong></span> <span class='ocrx_word' id='word_1_149' title='bbox 264 2201 317 2268; x_wconf 79' lang='grc' dir='ltr'><strong><em>τὸν</em></strong></span> <span class='ocrx_word' id='word_1_150' title='bbox 337 2198 502 2287; x_wconf 84' lang='grc' dir='ltr'><strong><em>Τάραντα,</em></strong></span> <span class='ocrx_word' id='word_1_151' title='bbox 528 2206 583 2264; x_wconf 82' lang='grc' dir='ltr'><strong><em>τοῦ</em></strong></span> <span class='ocrx_word' id='word_1_152' title='bbox 601 2202 739 2284; x_wconf 76' lang='grc' dir='ltr'><strong><em>Ἀννίβου</em></strong></span> <span class='ocrx_word' id='word_1_153' title='bbox 765 2205 944 2287; x_wconf 85' lang='grc' dir='ltr'><strong><em>κατέχοντος</em></strong></span> <span class='ocrx_word' id='word_1_154' title='bbox 969 2202 1072 2282; x_wconf 77' lang='grc' dir='ltr'><strong><em>αὐτόν,</em></strong></span> <span class='ocrx_word' id='word_1_155' title='bbox 1098 2202 1309 2288; x_wconf 69' lang='grc' dir='ltr'><strong><em>ἐχειρώσαντο.</em></strong></span> 
     </span>
     <span class='ocr_line' id='line_1_20' title="bbox 197 2301 1310 2393; baseline -0.004 -23"><span class='ocrx_word' id='word_1_156' title='bbox 197 2301 390 2381; x_wconf 86' lang='grc' dir='ltr'><strong><em>κελεύσαντες</em></strong></span> <span class='ocrx_word' id='word_1_157' title='bbox 412 2301 471 2390; x_wconf 90' lang='grc' dir='ltr'><strong><em>γάρ</em></strong></span> <span class='ocrx_word' id='word_1_158' title='bbox 495 2329 556 2369; x_wconf 86' lang='grc' dir='ltr'><strong><em>τισι</em></strong></span> <span class='ocrx_word' id='word_1_159' title='bbox 580 2303 636 2387; x_wconf 82' lang='grc' dir='ltr'><strong><em>τὴν</em></strong></span> <span class='ocrx_word' id='word_1_160' title='bbox 654 2307 803 2393; x_wconf 87' lang='grc' dir='ltr'><strong><em>Βρεττίαν</em></strong></span> <span class='ocrx_word' id='word_1_161' title='bbox 826 2305 1031 2392; x_wconf 82' lang='grc' dir='ltr'><strong><em>κατατρέχειν,</em></strong></span> <span class='ocrx_word' id='word_1_162' title='bbox 1060 2305 1106 2368; x_wconf 77' lang='lat' dir='ltr'><strong><em>‘ir’</em></strong></span> <span class='ocrx_word' id='word_1_163' title='bbox 1134 2301 1150 2368; x_wconf 82' lang='grc' dir='ltr'><strong>ὅ</strong></span> <span class='ocrx_word' id='word_1_164' title='bbox 1170 2304 1310 2384; x_wconf 80' lang='grc' dir='ltr'><strong><em>Ἀννίβας</em></strong></span> 
     </span>
    </p>

    <p class='ocr_par' dir='ltr' id='par_1_7' title="bbox 156 2403 1311 2596">
     <span class='ocr_line' id='line_1_21' title="bbox 156 2403 1309 2492; baseline -0.003 -19"><span class='ocrx_word' id='word_1_165' title='bbox 156 2411 243 2484; x_wconf 64' lang='lat' dir='ltr'>waic</span> <span class='ocrx_word' id='word_1_166' title='bbox 267 2408 441 2490; x_wconf 82' lang='grc' dir='ltr'><strong><em>έπικουρίαν</em></strong></span> <span class='ocrx_word' id='word_1_167' title='bbox 465 2406 561 2486; x_wconf 76' lang='grc' dir='ltr'><strong><em>αὐτῆς</em></strong></span> <span class='ocrx_word' id='word_1_168' title='bbox 585 2403 688 2490; x_wconf 84' lang='grc' dir='ltr'><strong><em>ἀπάρῃ</em></strong></span> <span class='ocrx_word' id='word_1_169' title='bbox 714 2409 747 2470; x_wconf 75' lang='lat' dir='ltr'><strong><em>lx</em></strong></span> <span class='ocrx_word' id='word_1_170' title='bbox 771 2405 949 2492; x_wconf 83' lang='grc' dir='ltr'><strong><em>Τάραντος,</em></strong></span> <span class='ocrx_word' id='word_1_171' title='bbox 981 2409 1044 2470; x_wconf 74' lang='lat' dir='ltr'>insi</span> <span class='ocrx_word' id='word_1_172' title='bbox 1070 2411 1160 2470; x_wconf 79' lang='grc' dir='ltr'><strong><em>τοῦτο</em></strong></span> <span class='ocrx_word' id='word_1_173' title='bbox 1183 2404 1309 2487; x_wconf 71' lang='grc' dir='ltr'><strong><em>ὶγένετο,</em></strong></span> 
     </span>
     <span class='ocr_line' id='line_1_22' title="bbox 203 2503 1311 2596; baseline -0.002 -25"><span class='ocrx_word' id='word_1_174' title='bbox 203 2503 346 2582; x_wconf 84' lang='grc' dir='ltr'><strong><em>Φλάκκος</em></strong></span> <span class='ocrx_word' id='word_1_175' title='bbox 367 2507 422 2586; x_wconf 78' lang='grc' dir='ltr'><strong><em>μέν</em></strong></span> <span class='ocrx_word' id='word_1_176' title='bbox 445 2506 556 2570; x_wconf 76' lang='grc' dir='ltr'><strong><em>ἐκεῖνον</em></strong></span> <span class='ocrx_word' id='word_1_177' title='bbox 581 2503 736 2591; x_wconf 72' lang='grc' dir='ltr'><strong><em>ἐπετήρει,</em></strong></span> <span class='ocrx_word' id='word_1_178' title='bbox 765 2505 886 2589; x_wconf 78' lang='grc' dir='ltr'><strong><em>Φάβιος</em></strong></span> <span class='ocrx_word' id='word_1_179' title='bbox 911 2508 945 2572; x_wconf 76' lang='grc' dir='ltr'><strong><em>δέ</em></strong></span> <span class='ocrx_word' id='word_1_180' title='bbox 968 2508 999 2571; x_wconf 83' lang='grc' dir='ltr'><strong><em>έν</em></strong></span> <span class='ocrx_word' id='word_1_181' title='bbox 1022 2503 1121 2596; x_wconf 81' lang='grc' dir='ltr'><strong><em>τούτῳ</em></strong></span> <span class='ocrx_word' id='word_1_182' title='bbox 1143 2504 1251 2582; x_wconf 84' lang='grc' dir='ltr'><strong><em>νυκτὸς</em></strong></span> <span class='ocrx_word' id='word_1_183' title='bbox 1267 2511 1311 2595; x_wconf 72' lang='grc' dir='ltr'><strong><em>τῷ</em></strong></span> 
     </span>
    </p>
   </div>
   <div class='ocr_carea' id='block_1_3' title="bbox 267 2705 1311 2838">
    <p class='ocr_par' dir='ltr' id='par_1_8' title="bbox 267 2705 1311 2838">
     <span class='ocr_line' id='line_1_23' title="bbox 271 2705 1311 2838; baseline 0.002 -71"><span class='ocrx_word' id='word_1_184' title='bbox 271 2715 340 2785; x_wconf 58' lang='lat' dir='ltr'>irai</span> <span class='ocrx_word' id='word_1_185' title='bbox 357 2713 449 2838; x_wconf 62' lang='lat' dir='ltr'>cmAB.</span> <span class='ocrx_word' id='word_1_186' title='bbox 525 2713 559 2767; x_wconf 88' lang='grc'><strong><em>10</em></strong></span> <span class='ocrx_word' id='word_1_187' title='bbox 575 2708 768 2770; x_wconf 68' lang='lat' dir='ltr'>instaturum</span> <span class='ocrx_word' id='word_1_188' title='bbox 787 2714 822 2769; x_wconf 81' lang='lat' dir='ltr'><strong><em>c.</em></strong></span> <span class='ocrx_word' id='word_1_189' title='bbox 908 2705 960 2770; x_wconf 82' lang='grc' dir='ltr'><strong><em>σύν</em></strong></span> <span class='ocrx_word' id='word_1_190' title='bbox 977 2733 1019 2770; x_wconf 84' lang='lat' dir='ltr'><strong><em>em</em></strong></span> <span class='ocrx_word' id='word_1_191' title='bbox 1036 2716 1067 2773; x_wconf 83' lang='grc' dir='ltr'><strong><em>Α.</em></strong></span> <span class='ocrx_word' id='word_1_192' title='bbox 1157 2715 1191 2772; x_wconf 87' lang='grc'><strong><em>17</em></strong></span> <span class='ocrx_word' id='word_1_193' title='bbox 1209 2711 1226 2770; x_wconf 77' lang='grc' dir='ltr'><strong><em>ὁ</em></strong></span> <span class='ocrx_word' id='word_1_194' title='bbox 1244 2715 1311 2770; x_wconf 86' lang='lat' dir='ltr'>alts-</span> 
     </span>
     <span class='ocr_line' id='line_1_24' title="bbox 267 2801 436 2838; baseline -0.012 0"><span class='ocrx_word' id='word_1_195' title='bbox 267 2801 324 2838; x_wconf 87' lang='lat' dir='ltr'><strong><em>rum</em></strong></span> <span class='ocrx_word' id='word_1_196' title='bbox 341 2801 384 2838; x_wconf 85' lang='lat' dir='ltr'><strong><em>cm</em></strong></span> <span class='ocrx_word' id='word_1_197' title='bbox 428 2818 436 2836; x_wconf 89' lang='lat'><strong>.</strong></span> 
     </span>
    </p>
   </div>
   <div class='ocr_carea' id='block_1_4' title="bbox 266 2919 1313 3059">
    <p class='ocr_par' dir='ltr' id='par_1_9' title="bbox 266 2919 1313 3059">
     <span class='ocr_line' id='line_1_25' title="bbox 302 2919 1313 2993; baseline -0.001 -17"><span class='ocrx_word' id='word_1_198' title='bbox 302 2923 434 2976; x_wconf 79' lang='lat' dir='ltr'>Hennae.</span> <span class='ocrx_word' id='word_1_199' title='bbox 470 2919 538 2989; x_wconf 73' lang='lat' dir='ltr'>Cap.</span> <span class='ocrx_word' id='word_1_200' title='bbox 561 2921 589 2975; x_wconf 83' lang='lat'><strong><em>8.</em></strong></span> <span class='ocrx_word' id='word_1_201' title='bbox 632 2919 730 2976; x_wconf 78' lang='lat' dir='ltr'>Diania</span> <span class='ocrx_word' id='word_1_202' title='bbox 753 2922 891 2978; x_wconf 78' lang='lat' dir='ltr'>Historias</span> <span class='ocrx_word' id='word_1_203' title='bbox 916 2923 1054 2978; x_wconf 67' lang='lat' dir='ltr'><strong><em>nume</em></strong></span> <span class='ocrx_word' id='word_1_204' title='bbox 1077 2922 1139 2976; x_wconf 84' lang='lat' dir='ltr'>libri</span> <span class='ocrx_word' id='word_1_205' title='bbox 1163 2921 1313 2993; x_wconf 70' lang='lat' dir='ltr'>deperditi.-</span> 
     </span>
     <span class='ocr_line' id='line_1_26' title="bbox 266 2985 698 3059; baseline 0 -14"><span class='ocrx_word' id='word_1_206' title='bbox 266 2996 396 3059; x_wconf 67' lang='lat' dir='ltr'>accepta</span> <span class='ocrx_word' id='word_1_207' title='bbox 414 2985 585 3042; x_wconf 79' lang='lat' dir='ltr'>Pcircscianu</span> <span class='ocrx_word' id='word_1_208' title='bbox 602 2987 638 3042; x_wconf 80' lang='lat'><strong><em>58</em></strong></span> <span class='ocrx_word' id='word_1_209' title='bbox 654 2989 698 3045; x_wconf 82' lang='lat'><strong><em>59.</em></strong></span> 
     </span>
    </p>
   </div>
   <div class='ocr_carea' id='block_1_5' title="bbox 200 3175 1316 4345">
    <p class='ocr_par' dir='ltr' id='par_1_10' title="bbox 200 3175 1313 3370">
     <span class='ocr_line' id='line_1_27' title="bbox 201 3175 1312 3298; baseline -0.002 -70"><span class='ocrx_word' id='word_1_210' title='bbox 201 3175 281 3242; x_wconf 80' lang='lat' dir='ltr'><strong>didit,</strong></span> <span class='ocrx_word' id='word_1_211' title='bbox 309 3192 420 3245; x_wconf 84' lang='lat' dir='ltr'>cumque</span> <span class='ocrx_word' id='word_1_212' title='bbox 437 3180 468 3229; x_wconf 88' lang='lat' dir='ltr'><strong><em>ut</em></strong></span> <span class='ocrx_word' id='word_1_213' title='bbox 485 3176 612 3229; x_wconf 87' lang='lat' dir='ltr'>calumnis</span> <span class='ocrx_word' id='word_1_214' title='bbox 629 3175 743 3298; x_wconf 74' lang='grc' dir='ltr'><strong><em>ρείίειιιιι</em></strong></span> <span class='ocrx_word' id='word_1_215' title='bbox 761 3177 904 3232; x_wconf 68' lang='lat' dir='ltr'>absolvit„</span> <span class='ocrx_word' id='word_1_216' title='bbox 921 3177 1040 3229; x_wconf 84' lang='lat' dir='ltr'>absoluto</span> <span class='ocrx_word' id='word_1_217' title='bbox 1057 3192 1089 3228; x_wconf 87' lang='lat' dir='ltr'><strong><em>co</em></strong></span> <span class='ocrx_word' id='word_1_218' title='bbox 1107 3177 1184 3230; x_wconf 82' lang='lat' dir='ltr'>ambe</span> <span class='ocrx_word' id='word_1_219' title='bbox 1200 3191 1312 3227; x_wconf 86' lang='lat' dir='ltr'>consen-</span> 
     </span>
     <span class='ocr_line' id='line_1_28' title="bbox 200 3242 1313 3315; baseline -0.003 -18"><span class='ocrx_word' id='word_1_220' title='bbox 200 3251 292 3298; x_wconf 85' lang='lat' dir='ltr'>serunt</span> <span class='ocrx_word' id='word_1_221' title='bbox 308 3251 337 3297; x_wconf 88' lang='lat' dir='ltr'><strong><em>et</em></strong></span> <span class='ocrx_word' id='word_1_222' title='bbox 352 3245 489 3298; x_wconf 74' lang='lat' dir='ltr'>arcessitis</span> <span class='ocrx_word' id='word_1_223' title='bbox 507 3263 523 3298; x_wconf 90' lang='lat' dir='ltr'>a</span> <span class='ocrx_word' id='word_1_224' title='bbox 541 3245 668 3298; x_wconf 83' lang='lat' dir='ltr'>Marcalo</span> <span class='ocrx_word' id='word_1_225' title='bbox 684 3245 810 3299; x_wconf 76' lang='lat' dir='ltr'>militibus</span> <span class='ocrx_word' id='word_1_226' title='bbox 829 3245 980 3314; x_wconf 80' lang='lat' dir='ltr'>Punicaque</span> <span class='ocrx_word' id='word_1_227' title='bbox 1003 3245 1136 3315; x_wconf 82' lang='lat' dir='ltr'>praesidio</span> <span class='ocrx_word' id='word_1_228' title='bbox 1157 3259 1236 3296; x_wconf 86' lang='lat' dir='ltr'>casso</span> <span class='ocrx_word' id='word_1_229' title='bbox 1254 3242 1313 3295; x_wconf 83' lang='lat' dir='ltr'><strong><em>Ro-</em></strong></span> 
     </span>
     <span class='ocr_line' id='line_1_29' title="bbox 201 3313 580 3370; baseline 0.011 -6"><span class='ocrx_word' id='word_1_230' title='bbox 201 3313 283 3370; x_wconf 87' lang='lat' dir='ltr'>mauis</span> <span class='ocrx_word' id='word_1_231' title='bbox 300 3313 388 3366; x_wconf 84' lang='lat' dir='ltr'>urbam</span> <span class='ocrx_word' id='word_1_232' title='bbox 404 3313 580 3369; x_wconf 83' lang='lat' dir='ltr'>tradiderunt.</span> 
     </span>
    </p>

    <p class='ocr_par' dir='ltr' id='par_1_11' title="bbox 202 3377 1316 4345">
     <span class='ocr_line' id='line_1_30' title="bbox 304 3377 1314 3450; baseline -0.005 -16"><span class='ocrx_word' id='word_1_233' title='bbox 304 3383 364 3434; x_wconf 87' lang='lat' dir='ltr'>Hac</span> <span class='ocrx_word' id='word_1_234' title='bbox 380 3381 528 3435; x_wconf 88' lang='lat' dir='ltr'>Italicarum</span> <span class='ocrx_word' id='word_1_235' title='bbox 554 3397 641 3435; x_wconf 76' lang='lat' dir='ltr'>rerum</span> <span class='ocrx_word' id='word_1_236' title='bbox 665 3385 735 3435; x_wconf 85' lang='lat' dir='ltr'>statu</span> <span class='ocrx_word' id='word_1_237' title='bbox 754 3381 839 3434; x_wconf 85' lang='lat' dir='ltr'>Siculi</span> <span class='ocrx_word' id='word_1_238' title='bbox 856 3380 937 3434; x_wconf 85' lang='lat' dir='ltr'>nihilo</span> <span class='ocrx_word' id='word_1_239' title='bbox 952 3384 1012 3450; x_wconf 86' lang='lat' dir='ltr'>plus</span> <span class='ocrx_word' id='word_1_240' title='bbox 1030 3382 1154 3434; x_wconf 82' lang='lat' dir='ltr'>lavantes</span> <span class='ocrx_word' id='word_1_241' title='bbox 1171 3377 1314 3446; x_wconf 80' lang='lat' dir='ltr'>Carthagi-</span> 
     </span>
     <span class='ocr_line' id='line_1_31' title="bbox 202 3445 1314 3518; baseline -0.005 -14"><span class='ocrx_word' id='word_1_242' title='bbox 202 3449 338 3504; x_wconf 84' lang='lat' dir='ltr'>niensibus</span> <span class='ocrx_word' id='word_1_243' title='bbox 355 3450 388 3502; x_wconf 83' lang='lat' dir='ltr'>ad</span> <span class='ocrx_word' id='word_1_244' title='bbox 404 3451 549 3504; x_wconf 79' lang='lat' dir='ltr'>Laevinum</span> <span class='ocrx_word' id='word_1_245' title='bbox 567 3451 699 3504; x_wconf 83' lang='lat' dir='ltr'>consulem</span> <span class='ocrx_word' id='word_1_246' title='bbox 716 3467 745 3503; x_wconf 84' lang='lat' dir='ltr'><strong><em>aa</em></strong></span> <span class='ocrx_word' id='word_1_247' title='bbox 763 3450 946 3504; x_wconf 83' lang='lat' dir='ltr'>conferebant.</span> <span class='ocrx_word' id='word_1_248' title='bbox 984 3447 1249 3518; x_wconf 81' lang='lat' dir='ltr'>Carthaginiensibus</span> <span class='ocrx_word' id='word_1_249' title='bbox 1267 3445 1314 3513; x_wconf 81' lang='lat' dir='ltr'><strong><em>qni</em></strong></span> 
     </span>
     <span class='ocr_line' id='line_1_32' title="bbox 202 3515 1314 3587; baseline -0.004 -15"><span class='ocrx_word' id='word_1_250' title='bbox 202 3519 229 3572; x_wconf 93' lang='lat' dir='ltr'><strong><em>in</em></strong></span> <span class='ocrx_word' id='word_1_251' title='bbox 247 3517 340 3569; x_wconf 78' lang='lat' dir='ltr'>sicilia</span> <span class='ocrx_word' id='word_1_252' title='bbox 357 3527 433 3571; x_wconf 87' lang='lat' dir='ltr'>erant</span> <span class='ocrx_word' id='word_1_253' title='bbox 450 3521 546 3573; x_wconf 86' lang='lat' dir='ltr'>Hanno</span> <span class='ocrx_word' id='word_1_254' title='bbox 581 3527 695 3584; x_wconf 77' lang='lat' dir='ltr'>raserat,</span> <span class='ocrx_word' id='word_1_255' title='bbox 713 3521 762 3572; x_wconf 90' lang='lat' dir='ltr'>sub</span> <span class='ocrx_word' id='word_1_256' title='bbox 780 3535 866 3587; x_wconf 86' lang='lat' dir='ltr'>ecqua</span> <span class='ocrx_word' id='word_1_257' title='bbox 882 3518 998 3571; x_wconf 83' lang='lat' dir='ltr'>Mutinae</span> <span class='ocrx_word' id='word_1_258' title='bbox 1016 3518 1155 3570; x_wconf 75' lang='lat' dir='ltr'>militabat.</span> <span class='ocrx_word' id='word_1_259' title='bbox 1191 3515 1314 3584; x_wconf 87' lang='lat' dir='ltr'>quicum</span> 
     </span>
     <span class='ocr_line' id='line_1_33' title="bbox 202 3539 1316 3656; baseline -0.002 -18"><span class='ocrx_word' id='word_1_260' title='bbox 202 3586 302 3656; x_wconf 77' lang='lat' dir='ltr'>pridem</span> <span class='ocrx_word' id='word_1_261' title='bbox 329 3587 471 3641; x_wconf 80' lang='lat' dir='ltr'>Hannibali</span> <span class='ocrx_word' id='word_1_262' title='bbox 497 3539 634 3642; x_wconf 70' lang='lat' dir='ltr'>sentiaris</span> <span class='ocrx_word' id='word_1_263' title='bbox 659 3589 694 3640; x_wconf 89' lang='lat' dir='ltr'><strong><em>cb</em></strong></span> <span class='ocrx_word' id='word_1_264' title='bbox 721 3603 815 3655; x_wconf 74' lang='lat' dir='ltr'>magna</span> <span class='ocrx_word' id='word_1_265' title='bbox 841 3587 949 3640; x_wconf 75' lang='lat' dir='ltr'>virtutis</span> <span class='ocrx_word' id='word_1_266' title='bbox 978 3602 1061 3656; x_wconf 85' lang='lat' dir='ltr'>opera</span> <span class='ocrx_word' id='word_1_267' title='bbox 1091 3587 1162 3639; x_wconf 80' lang='lat' dir='ltr'>adita</span> <span class='ocrx_word' id='word_1_268' title='bbox 1190 3585 1316 3638; x_wconf 85' lang='lat' dir='ltr'>invidiam</span> 
     </span>
     <span class='ocr_line' id='line_1_34' title="bbox 203 3654 1314 3724; baseline -0.005 -15"><span class='ocrx_word' id='word_1_269' title='bbox 203 3654 379 3724; x_wconf 80' lang='lat' dir='ltr'>suscepisset,</span> <span class='ocrx_word' id='word_1_270' title='bbox 403 3656 431 3708; x_wconf 88' lang='lat' dir='ltr'><strong><em>in</em></strong></span> <span class='ocrx_word' id='word_1_271' title='bbox 455 3657 572 3711; x_wconf 84' lang='lat' dir='ltr'>Siciliam</span> <span class='ocrx_word' id='word_1_272' title='bbox 596 3659 686 3709; x_wconf 83' lang='lat' dir='ltr'>luerat</span> <span class='ocrx_word' id='word_1_273' title='bbox 712 3657 859 3724; x_wconf 80' lang='lat' dir='ltr'>ablegatus.</span> <span class='ocrx_word' id='word_1_274' title='bbox 894 3655 940 3708; x_wconf 82' lang='lat' dir='ltr'>scd</span> <span class='ocrx_word' id='word_1_275' title='bbox 959 3670 992 3706; x_wconf 88' lang='lat' dir='ltr'><strong><em>nc</em></strong></span> <span class='ocrx_word' id='word_1_276' title='bbox 1009 3655 1046 3707; x_wconf 90' lang='lat' dir='ltr'><strong><em>ibi</em></strong></span> <span class='ocrx_word' id='word_1_277' title='bbox 1063 3655 1168 3724; x_wconf 86' lang='lat' dir='ltr'>quidem</span> <span class='ocrx_word' id='word_1_278' title='bbox 1186 3654 1314 3722; x_wconf 80' lang='lat' dir='ltr'>magister</span> 
     </span>
     <span class='ocr_line' id='line_1_35' title="bbox 203 3722 1315 3798; baseline -0.003 -20"><span class='ocrx_word' id='word_1_279' title='bbox 203 3725 320 3793; x_wconf 81' lang='lat' dir='ltr'>equitum</span> <span class='ocrx_word' id='word_1_280' title='bbox 337 3724 417 3776; x_wconf 83' lang='lat' dir='ltr'>rebus</span> <span class='ocrx_word' id='word_1_281' title='bbox 436 3728 570 3798; x_wconf 79' lang='lat' dir='ltr'>praeclare</span> <span class='ocrx_word' id='word_1_282' title='bbox 588 3723 673 3794; x_wconf 80' lang='lat' dir='ltr'>gestis</span> <span class='ocrx_word' id='word_1_283' title='bbox 691 3725 829 3776; x_wconf 86' lang='lat' dir='ltr'>Hannonis</span> <span class='ocrx_word' id='word_1_284' title='bbox 846 3723 946 3777; x_wconf 84' lang='lat' dir='ltr'>invidia</span> <span class='ocrx_word' id='word_1_285' title='bbox 959 3722 1061 3777; x_wconf 78' lang='lat' dir='ltr'>evitata</span> <span class='ocrx_word' id='word_1_286' title='bbox 1072 3724 1227 3793; x_wconf 78' lang='lat' dir='ltr'>magistratu</span> <span class='ocrx_word' id='word_1_287' title='bbox 1239 3723 1315 3776; x_wconf 87' lang='lat' dir='ltr'>abire</span> 
     </span>
     <span class='ocr_line' id='line_1_36' title="bbox 203 3792 1315 3861; baseline -0.004 -15"><span class='ocrx_word' id='word_1_288' title='bbox 203 3801 310 3846; x_wconf 85' lang='lat' dir='ltr'>coactus</span> <span class='ocrx_word' id='word_1_289' title='bbox 336 3801 388 3848; x_wconf 86' lang='lat' dir='ltr'>est.</span> <span class='ocrx_word' id='word_1_290' title='bbox 424 3795 518 3861; x_wconf 84' lang='lat' dir='ltr'>quibus</span> <span class='ocrx_word' id='word_1_291' title='bbox 540 3795 642 3848; x_wconf 86' lang='lat' dir='ltr'>iniuriis</span> <span class='ocrx_word' id='word_1_292' title='bbox 668 3794 842 3846; x_wconf 80' lang='lat' dir='ltr'>exacerbatus</span> <span class='ocrx_word' id='word_1_293' title='bbox 866 3793 899 3845; x_wconf 88' lang='lat' dir='ltr'>ad</span> <span class='ocrx_word' id='word_1_294' title='bbox 922 3793 1052 3846; x_wconf 87' lang='lat' dir='ltr'>Romanos</span> <span class='ocrx_word' id='word_1_295' title='bbox 1077 3812 1107 3848; x_wconf 87' lang='lat' dir='ltr'>sc</span> <span class='ocrx_word' id='word_1_296' title='bbox 1131 3792 1257 3856; x_wconf 79' lang='lat' dir='ltr'>contulit3</span> <span class='ocrx_word' id='word_1_297' title='bbox 1283 3807 1315 3843; x_wconf 85' lang='lat' dir='ltr'>ac</span> 
     </span>
     <span class='ocr_line' id='line_1_37' title="bbox 202 3859 1315 3933; baseline -0.003 -18"><span class='ocrx_word' id='word_1_298' title='bbox 202 3863 313 3932; x_wconf 83' lang='lat' dir='ltr'>primum</span> <span class='ocrx_word' id='word_1_299' title='bbox 338 3860 486 3915; x_wconf 80' lang='lat' dir='ltr'>adiumento</span> <span class='ocrx_word' id='word_1_300' title='bbox 510 3864 564 3918; x_wconf 81' lang='lat' dir='ltr'>suia</span> <span class='ocrx_word' id='word_1_301' title='bbox 587 3869 617 3916; x_wconf 88' lang='lat' dir='ltr'><strong><em>ut</em></strong></span> <span class='ocrx_word' id='word_1_302' title='bbox 641 3862 680 3914; x_wconf 89' lang='lat' dir='ltr'>eis</span> <span class='ocrx_word' id='word_1_303' title='bbox 696 3864 870 3933; x_wconf 76' lang='lat' dir='ltr'>Agrigentum</span> <span class='ocrx_word' id='word_1_304' title='bbox 888 3862 1060 3929; x_wconf 80' lang='lat' dir='ltr'>proderetur,</span> <span class='ocrx_word' id='word_1_305' title='bbox 1086 3863 1182 3914; x_wconf 83' lang='lat' dir='ltr'>deinde</span> <span class='ocrx_word' id='word_1_306' title='bbox 1204 3861 1231 3912; x_wconf 87' lang='lat' dir='ltr'><strong><em>in</em></strong></span> <span class='ocrx_word' id='word_1_307' title='bbox 1256 3859 1315 3913; x_wconf 84' lang='lat' dir='ltr'>aliia</span> 
     </span>
     <span class='ocr_line' id='line_1_38' title="bbox 203 3930 1315 4002; baseline -0.004 -18"><span class='ocrx_word' id='word_1_308' title='bbox 203 3947 308 4001; x_wconf 84' lang='lat' dir='ltr'>quoque</span> <span class='ocrx_word' id='word_1_309' title='bbox 333 3931 412 3983; x_wconf 84' lang='lat' dir='ltr'>rebus</span> <span class='ocrx_word' id='word_1_310' title='bbox 438 3934 548 3985; x_wconf 83' lang='lat' dir='ltr'>navavit</span> <span class='ocrx_word' id='word_1_311' title='bbox 572 3949 678 4002; x_wconf 81' lang='lat' dir='ltr'>operam</span> <span class='ocrx_word' id='word_1_312' title='bbox 703 3941 734 3985; x_wconf 85' lang='lat' dir='ltr'><strong><em>ut</em></strong></span> <span class='ocrx_word' id='word_1_313' title='bbox 757 3940 840 3986; x_wconf 84' lang='lat' dir='ltr'>totam</span> <span class='ocrx_word' id='word_1_314' title='bbox 860 3931 979 3984; x_wconf 82' lang='lat' dir='ltr'>Siciliam</span> <span class='ocrx_word' id='word_1_315' title='bbox 997 3933 1097 4000; x_wconf 85' lang='lat' dir='ltr'>absque</span> <span class='ocrx_word' id='word_1_316' title='bbox 1113 3948 1206 4000; x_wconf 81' lang='lat' dir='ltr'>magno</span> <span class='ocrx_word' id='word_1_317' title='bbox 1223 3930 1315 3981; x_wconf 85' lang='lat' dir='ltr'>labore</span> 
     </span>
     <span class='ocr_line' id='line_1_39' title="bbox 203 4006 1313 4135; baseline -0.008 -11"><span class='ocrx_word' id='word_1_318' title='bbox 203 4006 407 4124; x_wconf 40' lang='lat' dir='ltr'>recuperarem</span> <span class='ocrx_word' id='word_1_319' title='bbox 424 4065 524 4120; x_wconf 76' lang='lat' dir='ltr'>Fabius</span> <span class='ocrx_word' id='word_1_320' title='bbox 541 4075 569 4122; x_wconf 91' lang='lat' dir='ltr'><strong><em>et</em></strong></span> <span class='ocrx_word' id='word_1_321' title='bbox 582 4070 695 4124; x_wconf 75' lang='lat' dir='ltr'>Flaccus</span> <span class='ocrx_word' id='word_1_322' title='bbox 712 4085 769 4122; x_wconf 82' lang='lat' dir='ltr'>curn</span> <span class='ocrx_word' id='word_1_323' title='bbox 788 4068 852 4121; x_wconf 86' lang='lat' dir='ltr'>alias</span> <span class='ocrx_word' id='word_1_324' title='bbox 868 4070 949 4122; x_wconf 87' lang='lat' dir='ltr'>urbes</span> <span class='ocrx_word' id='word_1_325' title='bbox 966 4074 1021 4122; x_wconf 87' lang='lat' dir='ltr'><strong><em>tum</em></strong></span> <span class='ocrx_word' id='word_1_326' title='bbox 1032 4069 1187 4135; x_wconf 84' lang='lat' dir='ltr'>Tarentum,</span> <span class='ocrx_word' id='word_1_327' title='bbox 1205 4070 1313 4119; x_wconf 82' lang='lat' dir='ltr'>tanente</span> 
     </span>
     <span class='ocr_line' id='line_1_40' title="bbox 204 4135 1314 4206; baseline -0.002 -16"><span class='ocrx_word' id='word_1_328' title='bbox 204 4143 257 4190; x_wconf 82' lang='lat' dir='ltr'><strong><em>tum</em></strong></span> <span class='ocrx_word' id='word_1_329' title='bbox 275 4137 441 4200; x_wconf 86' lang='lat' dir='ltr'>Hannibale,</span> <span class='ocrx_word' id='word_1_330' title='bbox 466 4137 636 4206; x_wconf 77' lang='lat' dir='ltr'>subegerunt.</span> <span class='ocrx_word' id='word_1_331' title='bbox 672 4155 730 4192; x_wconf 86' lang='lat' dir='ltr'>nam</span> <span class='ocrx_word' id='word_1_332' title='bbox 750 4155 808 4191; x_wconf 89' lang='lat' dir='ltr'><strong><em>cum</em></strong></span> <span class='ocrx_word' id='word_1_333' title='bbox 826 4137 946 4191; x_wconf 83' lang='lat' dir='ltr'>Bruttios</span> <span class='ocrx_word' id='word_1_334' title='bbox 962 4139 1097 4191; x_wconf 83' lang='lat' dir='ltr'>incursare</span> <span class='ocrx_word' id='word_1_335' title='bbox 1114 4137 1240 4206; x_wconf 86' lang='lat' dir='ltr'>quosdam</span> <span class='ocrx_word' id='word_1_336' title='bbox 1258 4135 1314 4188; x_wconf 88' lang='lat' dir='ltr'>ins-</span> 
     </span>
     <span class='ocr_line' id='line_1_41' title="bbox 204 4203 1315 4278; baseline 0.003 -23"><span class='ocrx_word' id='word_1_337' title='bbox 204 4203 311 4273; x_wconf 84' lang='lat' dir='ltr'>sissent‚</span> <span class='ocrx_word' id='word_1_338' title='bbox 329 4224 344 4259; x_wconf 87' lang='lat' dir='ltr'>e</span> <span class='ocrx_word' id='word_1_339' title='bbox 398 4204 464 4258; x_wconf 78' lang='lat' dir='ltr'><strong><em>ads</em></strong></span> <span class='ocrx_word' id='word_1_340' title='bbox 480 4223 559 4258; x_wconf 83' lang='lat' dir='ltr'>causa</span> <span class='ocrx_word' id='word_1_341' title='bbox 578 4207 710 4260; x_wconf 85' lang='lat' dir='ltr'>Hannibal</span> <span class='ocrx_word' id='word_1_342' title='bbox 728 4207 822 4260; x_wconf 86' lang='lat' dir='ltr'>relicta</span> <span class='ocrx_word' id='word_1_343' title='bbox 840 4208 906 4260; x_wconf 86' lang='lat' dir='ltr'>urbe</span> <span class='ocrx_word' id='word_1_344' title='bbox 922 4207 974 4259; x_wconf 92' lang='lat' dir='ltr'>illis</span> <span class='ocrx_word' id='word_1_345' title='bbox 991 4207 1125 4278; x_wconf 86' lang='lat' dir='ltr'>suppetias</span> <span class='ocrx_word' id='word_1_346' title='bbox 1143 4207 1211 4268; x_wconf 85' lang='lat' dir='ltr'>iret,</span> <span class='ocrx_word' id='word_1_347' title='bbox 1234 4203 1315 4258; x_wconf 78' lang='lat' dir='ltr'>Flac-</span> 
     </span>
     <span class='ocr_line' id='line_1_42' title="bbox 206 4272 1313 4345; baseline 0.003 -19"><span class='ocrx_word' id='word_1_348' title='bbox 206 4289 252 4326; x_wconf 86' lang='lat' dir='ltr'><strong><em>cus</em></strong></span> <span class='ocrx_word' id='word_1_349' title='bbox 270 4273 338 4328; x_wconf 89' lang='lat' dir='ltr'>illum</span> <span class='ocrx_word' id='word_1_350' title='bbox 357 4292 372 4329; x_wconf 92' lang='grc' dir='ltr'><strong><em>ο</em></strong></span> <span class='ocrx_word' id='word_1_351' title='bbox 392 4281 500 4330; x_wconf 85' lang='lat' dir='ltr'>servat:</span> <span class='ocrx_word' id='word_1_352' title='bbox 526 4274 627 4329; x_wconf 82' lang='lat' dir='ltr'>Fabius</span> <span class='ocrx_word' id='word_1_353' title='bbox 650 4276 754 4330; x_wconf 88' lang='lat' dir='ltr'>interim</span> <span class='ocrx_word' id='word_1_354' title='bbox 777 4283 859 4329; x_wconf 86' lang='lat' dir='ltr'>noctu</span> <span class='ocrx_word' id='word_1_355' title='bbox 880 4277 982 4345; x_wconf 84' lang='lat' dir='ltr'>impetu</span> <span class='ocrx_word' id='word_1_356' title='bbox 1005 4282 1077 4329; x_wconf 85' lang='lat' dir='ltr'>tarra</span> <span class='ocrx_word' id='word_1_357' title='bbox 1096 4272 1214 4338; x_wconf 84' lang='lat' dir='ltr'>marique</span> <span class='ocrx_word' id='word_1_358' title='bbox 1232 4273 1313 4343; x_wconf 82' lang='lat' dir='ltr'>iacta,</span> 
     </span>
    </p>
   </div>
   <div class='ocr_carea' id='block_1_6' title="bbox 0 0 1585 4909">
    <p class='ocr_par' dir='ltr' id='par_1_12' title="bbox 0 0 1585 4909">
     <span class='ocr_line' id='line_1_43' title="bbox 0 0 1585 4909; baseline 0 0"><span class='ocrx_word' id='word_1_359' title='bbox 0 0 1585 4909; x_wconf 95' lang='lat' dir='ltr'><strong><em> </em></strong></span> 
     </span>
    </p>
   </div>
  </div>
 </body>
</html>
