3134 4909
287 266 364 341 65⁰
643 265 817 334 Iotnllls
843 264 1039 332 zontntE

526 417 530 429 l

285 440 447 528 θειοτίρας
462 440 544 517 τινὸς
558 442 714 515 ἐπιπνοίας
729 438 948 514 ἐνθουσιῶντες
964 434 1106 520 ἐβόησαν.
1131 440 1196 511 πῶς
1210 434 1267 519 γὰρ
1282 440 1397 501 τοσσῶ-

287 570 338 611 ται
360 541 508 629 μυριάδες
532 541 574 621 ὡς
593 540 653 607 ὑπὸ
677 542 844 628 χορολίκτῃ
870 538 1040 629 ὁμοφώνως
1057 539 1139 605 είπον
1155 542 1206 603 καὶ
1224 538 1398 615 ἀπταίστως

259 698 262 707 .
287 648 309 713 ἃ
326 644 427 729 είπυν,·
453 647 529 723 τέως
552 648 656 729 μέντοι
670 643 774 729 μάχης
791 647 1049 731 συγκροτηθείσης
1065 646 1115 709 καὶ
1132 642 1248 717 πολλάς
1265 642 1347 717 illac
1361 666 1395 708 τε

287 754 339 817 καί
362 748 478 835 τροπάς
501 752 552 814 καί
577 752 765 833 μετακλίσεις
788 754 844 815 τοῦ
869 748 1003 831 πολέμου
1031 744 1193 831 ἐσχηκότος
1219 742 1235 809 ό
1258 745 1396 825 Ἀλβῖνος

284 852 425 938 ἡττήθη,
449 851 603 920 πεσόντων
626 856 682 936 μέν
706 853 928 938 άμφοτίρωθεν
949 849 1106 934 Ῥωμαίων
1123 848 1231 933 σχεδόν
1246 844 1422 932 inoppino-5

286 958 399 1025 υόντων
416 960 467 1021 καὶ
484 955 631 1043 ἀριθμόν,
656 965 711 1021 τοῦ
730 957 763 1020 δέ
785 957 923 1038 Ἀλβίνου
942 953 1050 1019 ἐαυτὸν
1067 952 1233 1029 ἀνελόντος.
1284 942 1308 1039 ᾧ
1333 978 1397 1016 κει-

286 1062 367 1149 μένῳ
394 1059 623 1147 ἐπεντρυηήσας
647 1057 663 1125 ὅ
688 1064 825 1146 Σευῆρος
846 1062 897 1125 καὶ
919 1057 1158 1145 γλωσσαλγήσας
1180 1055 1215 1126 τό
1239 1056 1294 1136 μὲν
1319 1054 1397 1119 dito

287 1171 378 1247 σῶμα
394 1162 521 1251 ῥιφῆναι
537 1162 687 1241 ἐκέλευσε,
713 1164 769 1245 τὴν
792 1162 928 1249 κεφαλὴν
952 1162 983 1227 δ’
1010 1166 1040 1239 ἐς
1063 1161 1119 1243 τὴν
1141 1158 1260 1242 Ῥώμην
1279 1160 1398 1235 στείλας

248 1265 507 1352 Βάνευταόρωσε.
557 1269 610 1331 καί
635 1267 768 1342 πολλοὺς
790 1273 851 1332 τῶν
873 1272 929 1350 τῆς
945 1274 1103 1351 γερουσίας
1121 1264 1288 1340 άπίκτεινε,
1312 1262 1398 1338 τινὰς

286 1371 320 1436 di
335 1373 386 1435 καί
405 1370 545 1435 άπίλυσε.
1270 1430 1275 1441 ,
1403 1378 1440 1431 10

388 1474 483 1539 Μετὰ
506 1479 605 1538 ταῦτα
628 1474 662 1536 δέ
684 1472 761 1536 κατὰ
779 1476 840 1535 τῶν
856 1466 1000 1553 Πάρθων
1017 1466 1195 1553 ἐστράτευσε
1213 1465 1268 1549 τὴν
1286 1470 1396 1533 Μεσο-

285 1580 439 1661 ποταμίαν
465 1574 604 1644 ἐλόντων.
655 1578 706 1640 καί
732 1580 825 1639 πλοῖα
850 1570 1081 1648 κατασκευάσας
1109 1573 1140 1636 ἐν
1167 1578 1209 1660 τῷ
1235 1570 1396 1657 Εόρρότῃ,

285 1678 341 1763 τήν
358 1706 389 1745 τε
408 1678 585 1745 Σελεύκειαν
607 1681 659 1744 καί
682 1679 736 1761 τὴν
760 1681 936 1757 Βαβυλῶνα
959 1678 1172 1762 ἐκλειφθεῖσαν
1196 1676 1295 1756 ἔλαβε.
1345 1676 1397 1738 καί

285 1782 342 1865 τὴν
359 1784 566 1868 Κτησιφῶντα
590 1780 666 1848 ἐλῶν
684 1778 852 1867 διαρπάσαι
870 1789 934 1855 τοῖς
958 1778 1158 1865 στρατιώταις
1181 1780 1292 1864 ἐηῆκε,
1320 1782 1396 1841 πολ-

287 1882 360 1961 λούς
376 1910 409 1950 τε
425 1886 525 1950 άνεῖλε
550 1888 600 1949 καί
625 1888 739 1965 ζῶντας
764 1886 904 1960 πλείονας
928 1880 1015 1947 εἷλεν.
1066 1882 1134 1947 οὔτε
1153 1883 1187 1946 δέ
1205 1883 1257 1945 τόν
1277 1877 1440 1949 (idoli-15

211 1992 224 2016 ⁹
286 2012 393 2073 yacuoo
416 1989 555 2064 ἐπεδίωξε
576 1988 630 2053 τόν
655 1995 716 2052 τῶν
739 1986 884 2071 Πάρθων
912 1982 1131 2070 ἡγεμονεύοντα
1155 1983 1397 2069 ἀναχωρήσαντα

288 2088 391 2155 οίκαέε
402 2135 413 2168 ,
438 2088 508 2154 οὔτε
525 2089 580 2173 τὴν
597 2091 805 2175 Κτησιφῶντα
823 2089 976 2171 κατέσχεν,
999 2089 1071 2153 ἀλλ’
1098 2088 1193 2179 ᾤχετο
1217 2086 1320 2174 ῶσπερ
1344 2091 1397 2151 ἵνα

287 2190 443 2280 όιαρπάση
460 2188 574 2276 τυότην
589 2191 684 2275 μόνον
700 2189 916 2276 ἐστρατευκώς.

384 2297 437 2361 Ἐν
460 2288 485 2384 ᾦ
510 2298 543 2361 dd
566 2298 719 2380 ἐπολίμει,
753 2293 869 2382 ἄνδρας
893 2289 948 2359 dio
973 2292 1123 2359 άπέκτεινε
1147 2298 1208 2357 τῶν
1231 2294 1396 2378 ἐπιφανῶν,

249 2408 272 2461 c
289 2399 342 2467 τόν
353 2400 408 2482 μέν
423 2402 561 2485 Κρίσπον
569 2399 695 2465 ’Ῐοόλιον
705 2404 925 2485 χιλιαρχοῦντα
936 2403 997 2488 τῶν
1009 2393 1202 2483 δορυφόρων,
1220 2394 1266 2460 ὅτι
1280 2394 1395 2479 ἤχθετο
1405 2412 1441 2467 20

287 2510 326 2589 τῇ
343 2510 399 2568 τοῦ
416 2504 550 2587 πολέμου
566 2502 697 2569 κακώσει
713 2506 768 2567 καί
783 2528 813 2567 τι
831 2503 882 2566 καὶ
899 2502 1149 2588 παρεφθίγξατο,
1175 2503 1226 2564 καί
1249 2500 1302 2565 τὸν
1321 2524 1397 2564 κατ-

287 2604 483 2693 ηγορήσαντα
500 2605 595 2669 αὐτοῦ
620 2602 808 2692 στρατιώτην
831 2606 991 2690 χιλίαρχον
1013 2604 1166 2682 initote
1188 2602 1256 2669 ἀντ’
1283 2602 1397 2669 αὐτοῦ·

356 2824 547 2896 λόμοφάνως
566 2831 594 2881 et
610 2828 659 2883 sol
677 2830 728 2885 add
745 2833 778 2886 Α.
867 2834 884 2884 5
903 2826 1032 2901 tapetem
1050 2804 1100 2883 add
1118 2828 1173 2883 AB.
1260 2830 1295 2885 13
1311 2823 1396 2884 ἐκλει-

357 2896 663 3031 pgtgttpptgleiplglinus.
754 3005 757 3009 ι
803 2902 837 2956 14
861 2893 948 2969 ἐφῆκε
974 2900 998 2953 Α
1023 2898 1188 2970 xiphilinus,
1214 2894 1307 2970 άφῆιιε
1326 2900 1396 2955 Pw.

288 3188 347 3225 uam
371 3168 470 3240 alioqui
494 3169 553 3223 lieri
577 3170 623 3239 qui
646 3169 776 3243 potuisset
799 3176 829 3224 ut
848 3174 890 3224 tot
909 3171 1036 3225 bominum
1054 3170 1124 3224 milia
1142 3188 1173 3224 ea
1189 3188 1257 3241 qnae
1273 3170 1397 3227 dicebaut

288 3250 412 3311 tanquam
423 3240 497 3294 ebori
513 3239 641 3309 magistro
659 3248 803 3311 praeeunte
820 3256 872 3293 una
889 3256 955 3293 voce
974 3249 1002 3293 et
1019 3241 1087 3293 citra
1105 3258 1222 3294 errorem
1240 3242 1397 3311 pronuntia-

287 3311 369 3365 renti
399 3310 426 3362 ld
444 3308 537 3363 bellum
554 3326 646 3378 magna
664 3311 794 3363 varietata
812 3318 840 3362 at
858 3310 967 3381 ancipiti
984 3311 1071 3363 Marte
1088 3317 1204 3377 gestum
1221 3312 1269 3364 sed
1285 3311 1398 3365 Albinus

286 3381 391 3435 tandem
408 3379 504 3445 vietus,
520 3378 646 3431 Romanis
663 3380 789 3450 utrinque
806 3396 889 3450 paene
906 3380 1139 3433 innumerabilibus
1158 3380 1252 3445 eaesis,
1270 3382 1322 3433 sibi
1339 3381 1398 3449 ipss

286 3466 378 3503 manus
395 3450 493 3504 attulit.
529 3450 603 3501 euius
620 3449 744 3501 cadaveri
762 3452 879 3502 Severus
901 3450 1074 3502 insolentibus
1099 3458 1127 3503 et
1151 3450 1285 3503 atrocibus
1307 3450 1396 3503 verbis

286 3518 439 3585 ἱαταίειτίτ,
463 3527 609 3587 moneoque
633 3518 738 3571 abiecto
762 3529 841 3589 eaput
859 3520 964 3573 Romam
990 3518 1093 3572 missum
1119 3518 1190 3572 ornei
1216 3520 1291 3588 elligi
1310 3520 1397 3572 iussit.

287 3596 423 3641 senatores
441 3589 536 3639 multos
553 3588 664 3654 oceidit,
688 3588 826 3641 nonnullos
845 3590 924 3642 etiam
942 3588 1049 3641 dimisit.

392 3655 458 3707 Post
475 3657 541 3708 baee
557 3666 650 3710 ooutm
670 3656 783 3710 Parthos
801 3666 842 3711 est
860 3658 1004 3727 prolaetuo,
1021 3656 1067 3726 qui
1084 3656 1300 3725 Mesopotamiam
1318 3672 1400 3709 ουσα-

287 3732 399 3797 parant3
425 3732 454 3777 et
468 3726 581 3777 navibus
598 3727 627 3777 in
644 3726 781 3796 Euphrate
800 3726 945 3779 aedificatis
963 3723 1109 3779 Seleuciam
1128 3734 1155 3777 et
1172 3726 1334 3793 Babylonem
1351 3726 1399 3779 de·

288 3803 376 3849 sertas
393 3794 474 3863 oepit.
509 3794 707 3864 Ctesiphontem
724 3804 898 3865 expugnatam
916 3794 1040 3847 militibus
1059 3794 1232 3862 diripiendam
1250 3796 1339 3857 dedit;
1365 3811 1397 3849 ae

288 3864 377 3918 multis
393 3862 541 3915 interiectis
558 3864 648 3932 pluras
665 3866 743 3917 rivos
761 3867 840 3935 cepit.
877 3864 923 3917 sed
949 3880 1035 3931 nsque
1057 3864 1217 3933 vologesum
1240 3864 1398 3917 Parthorum

308 3931 434 4002 rincipem
457 3933 558 3985 domum
581 3948 716 3986 reversum
740 3936 861 4003 fugavit,
887 3948 972 4003 neque
990 3932 1186 4002 Ctesiphontem
1205 3935 1332 4000 retinuit,
1357 3934 1398 3987 ita

288 4002 351 4089 rude
374 4003 509 4074 proiectus
537 4002 613 4070 qnasi
640 4004 834 4072 expeditionem
862 4000 1018 4072 direptionis
1047 4018 1126 4056 eausa
1152 4004 1283 4057 duntaxat
1305 4020 1397 4057 susee-

289 4079 382 4144 pmet·
392 4140 478 4195 Huius
494 4139 555 4193 belli
577 4146 693 4209 ternpore
710 4141 776 4193 duos
794 4142 879 4194 claros
896 4140 969 4194 viros
986 4139 1133 4207 interiecit,
1160 4140 1251 4195 Iulium
1272 4140 1396 4213 Crispum

289 4212 423 4265 ίτίόυσιιιτι
437 4210 670 4281 praetorianorum,
688 4209 750 4262 balli
766 4210 922 4263 vexationes
940 4226 1019 4279 aegre
1036 4212 1163 4263 letantem
1181 4218 1210 4263 et
1227 4210 1315 4266 neseio
1334 4210 1396 4281 quid

289 4280 418 4348 loentum,
441 4280 524 4334 milite
549 4296 635 4351 aquo
652 4288 791 4340 ιουυετειιε
808 4282 897 4335 luant
912 4280 941 4333 iu
958 4280 1014 4333 aius
1031 4280 1113 4335 locum
1130 4279 1259 4347 sulieetm
1286 4279 1397 4337 Laetum
