3134 4909
583 302 799 369 ANNALIUM
824 305 861 370 X
886 304 937 374 23.
1239 306 1315 377 377

154 456 160 465 ¹
206 495 266 556 ρεν,
292 471 335 547 είς
358 464 414 555 τὴν
434 464 569 539 Ἐλλάδα
594 467 686 539 πάλιν
709 471 890 556 άνέπλευσε,
912 472 1183 564 προφασισάμενος
1198 478 1239 543 τὰ
1255 485 1316 546 τῶν

204 572 350 661 Πάρθων
367 571 409 651 ὡς
425 577 647 660 κατεπείγοντα

303 672 342 741 ‘O
360 678 394 741 δέ
410 678 520 755 Σέξτος
536 674 771 763 προθυμότερον
788 678 883 761 εἴχετο
901 684 962 743 τῶν
977 678 1175 767 πραγμάτων,
1202 685 1254 748 καὶ
1277 690 1317 770 τῇ
1327 698 1364 749 W
1375 696 1466 754 11150

193 778 315 869 “’Ῑταλίρι
332 780 460 859 ε’πέπλει,
477 784 528 846 καί
546 782 644 847 πολλά
660 784 716 863 μέν
733 780 855 860 ἐκάκου,
873 781 910 846 οὗ
926 783 1001 862 μείω
1018 786 1052 846 δέ
1069 787 1120 848 καί
1138 784 1317 870 άντέπασχε.

180 884 257 947 brol
284 892 460 965 ναυμαχιῶν
489 886 530 950 δέ·
548 891 708 971 γεγονυιῶν
735 884 764 949 oi
791 890 846 949 τοῦ
873 884 988 961 Σέξτου
1014 891 1132 967 μᾶλλον
1158 887 1315 975 έκράτουν,

123 1050 129 1057 ,
205 990 326 1050 πολλῶν
340 986 395 1066 μέν
411 994 492 1071 νηῶν
508 994 564 1054 τοῦ
580 990 740 1073 Καίσαρος
762 990 814 1051 καὶ
839 988 870 1050 έν
893 996 961 1065 ταῖς
978 990 1163 1072 ναυμαχίαις
1181 997 1317 1077 φθαρει-

205 1094 278 1165 σῶν,
304 1094 425 1155 πολλῶν
443 1091 476 1155 δέ
494 1093 544 1155 καί
560 1087 620 1158 ini
636 1092 746 1173 βιαίων
762 1078 944 1173 πνευμάτων
961 1093 1212 1172 κινδυνευσασῶν,
1239 1094 1316 1161 ciart

203 1190 259 1256 τὸν
276 1192 423 1277 Καίσαρα
446 1190 633 1275 βουλόμενον
651 1197 694 1270 είς
711 1196 851 1258 Σικελίαν
876 1195 1020 1274 έμβαλεΐν
1042 1202 1132 1259 τοῦτο
1157 1198 1213 1278 μέν
1238 1197 1317 1262 ἄπο-

204 1300 333 1378 γνῶναι,
357 1300 412 1376 τῆς
434 1297 468 1360 δέ
492 1299 752 1381 παραθαλασσίας
776 1297 901 1382 ἠπείρου
923 1296 980 1378 τὴν
1003 1298 1143 1383 φυλακὴν
1160 1306 1316 1365 ποιεῖσθαι
1332 1307 1357 1358 D

163 1408 199 1465 10
208 1396 396 1481 άγαπητῶς.,
431 1395 447 1463 i
465 1399 577 1476 Σέξτος
599 1398 630 1463 θ’
657 1399 700 1463 έτι
726 1404 842 1479 μᾶλλον
860 1396 965 1482 ἤρθη,
991 1403 1041 1463 καί
1064 1400 1157 1478 αὐτὸς
1178 1404 1236 1484 μέν
1259 1404 1316 1485 τὴν

200 1500 331 1565 Ἰταλίαν
347 1498 456 1565 έκάκου
465 1548 476 1579 ,
512 1504 554 1575 είς
571 1504 606 1566 δέ
622 1500 678 1583 τὴν
693 1499 822 1582 Λιβάην
839 1499 891 1565 τὸν
903 1499 1134 1588 Ἀπολλοφάνην
1150 1503 1316 1570 ἀπέστειλε.

204 1604 330 1689 Καίσαρ
347 1604 450 1685 μέντοι
469 1601 561 1669 πλοῖά
577 1629 608 1671 τε
626 1603 725 1669 πολλὰ
744 1600 903 1686 έναυπῆγει
920 1607 970 1667 καὶ
988 1607 1092 1689 ἐρέτας
1109 1607 1195 1692 παρά
1209 1632 1241 1671 τε
1256 1615 1317 1673 τῶν

203 1710 378 1787 βουλευτῶν
400 1709 451 1771 καί
474 1714 536 1771 τῶν
559 1706 673 1771 ἱππέων
696 1708 747 1770 καί
765 1712 827 1771 τῶν
844 1707 986 1787 δημοτῶν
1004 1708 1167 1791 συνέλεγεν,
1192 1705 1318 1788 ὁπλίτας
1344 1704 1349 1715 ’

203 1833 237 1873 τε
250 1810 422 1893 κατελέγετο
439 1812 490 1872 καί
504 1807 649 1894 χρήματα
666 1804 860 1891 πανταχόθεν
877 1806 1075 1895 συνήθροιζε·
1092 1813 1142 1873 καί
1157 1810 1250 1887 αὐτὸς
1261 1812 1318 1893 μέν

163 1907 245 1977 litui
262 1936 294 1976 τε
310 1913 343 1975 έν
361 1918 400 1997 τῇ
412 1910 525 2001 Ἰταλίᾳ
542 1912 649 1976 καὶτὰ
667 1912 752 1997 έντῇ
771 1911 909 2001 Γαλατίᾳ
926 1911 1070 1989 διέταττε,
1086 1919 1130 1999 τῷ
1148 1915 1182 1977 δέ
1193 1913 1281 1997 Ἀγρί
1299 1951 1317 1967 -

205 2038 249 2104 πρε
271 2012 327 2097 τὴν
350 2021 405 2080 rori
427 2020 571 2079 ναυτικοῦ
595 2012 791 2099 παρασκευὴν
813 2014 980 2099 έγχειρίσας
1003 2016 1168 2098 ἐκπονῆσαι
1191 2018 1242 2080 καί
1267 2019 1317 2094 ἐξ·

204 2122 336 2197 ασκῆσαι
352 2124 443 2183 τοῦτο
461 2120 604 2183 έκέλευσε.
655 2120 706 2182 καί
730 2116 765 2192 ὃς
791 2112 848 2193 τάς
874 2142 907 2181 τε
933 2123 1008 2193 ναῦς
1035 2120 1085 2182 καὶ
1112 2118 1185 2195 τοὺς
1211 2119 1317 2205 έρέτας

201 2218 350 2306 ἤθροισε,
375 2223 427 2285 καί
450 2220 506 2299 τάς
527 2222 583 2304 μέν
605 2222 812 2309 κατέφραττε,
837 2218 909 2296 τούς
933 2219 965 2283 δ’
990 2220 1042 2283 ἐπ’
1068 2221 1172 2305 ἰκρίων
1188 2221 1316 2307 έρέττειν
1415 2296 1418 2299 ,

202 2320 298 2404 ἤσκει.

162 2434 198 2487 20
313 2424 351 2493 Oi
370 2423 402 2486 δ’
423 2424 454 2488 έν
470 2430 509 2509 τῇ
520 2420 623 2507 Ῥῶμῃ
643 2420 842 2504 έταράττοντο
858 2423 914 2502 μέν
932 2423 984 2483 καί
1000 2431 1068 2497 ταῖς
1084 2427 1145 2485 τῶν
1161 2419 1318 2506 άρχάντων

205 2522 283 2609 πρὸς
300 2521 451 2603 ἀλλήλους
469 2522 620 2600 στάσεσιν,
641 2524 794 2609 έθραττον
811 2523 843 2585 tt
861 2522 973 2597 αὐτοὺς
990 2526 1040 2586 καί
1058 2534 1169 2606 σημεῖα
1186 2523 1266 2588 ἄλλα
1283 2550 1315 2591 τε
1333 2533 1356 2585 Ρ
1373 2532 1387 2587 l
1404 2536 1455 2587 515

206 2628 255 2689 καί
275 2623 321 2690 ὅτι
345 2625 453 2706 λευκὴν
477 2624 561 2709 ὄρνιν
584 2622 709 2689 κλεάνιον
734 2623 854 2711 δάφνης
876 2623 1029 2708 έγκάρπου
1055 2627 1210 2710 φέρουσαν
1228 2628 1316 2705 ἀετὸς

204 2723 348 2813 ἁρπάσας
372 2730 415 2803 είς
437 2728 491 2793 τὸν
513 2727 625 2793 κάλπον
648 2736 702 2811 τῆς
717 2731 837 2809 Λιβίας
862 2729 1015 2807 ένέβαλεν·
1042 2728 1113 2796 iiori
1130 2730 1239 2816 μικρὸν
1257 2755 1315 2815 ση-

274 2938 289 2990 1
308 2932 459 2990 άνέπλευσε
475 2936 499 2990 Α
518 2936 584 3003 Dio,
609 2928 763 3005 άνέετρεφε
784 2936 852 2992 PW.
955 2939 974 2993 3
989 2938 1078 3009 εἴχετο
1095 2941 1120 2992 λ
1136 2940 1206 3008 Βία,
1227 2934 1315 3062 jutr-

270 3022 304 3059 το
323 3006 389 3060 PW.
492 3001 558 3059 tri
575 3004 627 3057 edd
645 3006 675 3064 λ.
785 3008 819 3059 10
834 3001 1015 3077 οίγαπητικῶς
1036 3010 1071 3061 Α.
1176 3012 1207 3063 ΙΙ
1247 3015 1315 3063 πολ-

271 3072 382 3143 λοφάνη
400 3072 456 3131 ΑΟ.
564 3074 597 3127 12
613 3072 725 3142 μέντοι]
752 3069 784 3127 ol
802 3078 835 3132 A.
942 3078 975 3127 15
993 3070 1027 3128 τά
1047 3070 1077 3129 έν
1094 3076 1130 3145 τῇ
1146 3079 1170 3130 Δ
1187 3079 1254 3146 Dio,
1280 3080 1316 3148 τῇ

273 3144 339 3210 PW,
358 3160 398 3196 om
417 3143 451 3197 C.
557 3143 590 3198 16
607 3140 765 3213 ἐγχειρήσας
781 3146 815 3197 Α.
967 3146 972 3155 ’

204 3323 251 3394 qui
268 3325 362 3379 milites
378 3326 479 3396 aliquot
494 3326 533 3381 ibi
549 3326 735 3393 interfecerat,
758 3327 888 3393 territus,
911 3342 962 3394 per
987 3344 1092 3380 musam
1116 3328 1179 3381 belli
1196 3328 1315 3382 Parthici

204 3410 257 3464 quo
276 3404 413 3463 urgeretur
430 3397 458 3449 in
475 3398 613 3449 Graeciam
629 3398 717 3450 rediit.

308 3464 406 3517 Sextus
427 3468 515 3518 iactus
538 3466 649 3519 alacrior
671 3466 755 3519 classe
778 3463 881 3515 ltaliam
903 3479 1044 3531 aggressus
1067 3464 1162 3517 multus
1184 3460 1271 3515 eludes
1288 3469 1317 3516 et

203 3530 339 3584 interebat
356 3541 383 3584 et
401 3534 561 3604 accipiebat,
580 3536 607 3587 in
625 3536 763 3587 navalibus
780 3540 868 3584 temen
885 3534 982 3601 pugnis
1002 3532 1140 3601 superiore
1168 3540 1199 3584 ut
1216 3532 1317 3587 Caesar

204 3599 316 3653 nuribus
334 3602 509 3671 compluribus
528 3612 581 3657 tum
599 3606 666 3657 bello
685 3618 761 3673 quam
780 3600 809 3653 vi
825 3608 1012 3670 tempestatum
1032 3600 1148 3667 emissis,
1175 3602 1318 3671 desperate

205 3669 314 3737 Sicilia,
339 3672 405 3723 bene
423 3689 510 3726 secum
533 3674 579 3741 agi
601 3680 709 3743 putaret
732 3670 756 3723 si
780 3686 851 3721 eram
875 3669 1030 3722 maritimam
1053 3677 1181 3723 tueretur.
1215 3688 1269 3792 φατι
1286 3689 1317 3725 re

154 3770 163 3787 .
204 3738 304 3791 Sextus
323 3738 416 3792 elutior
432 3742 531 3795 ltaliam
549 3744 683 3808 vexabat,
708 3738 885 3807 Apollophane
903 3739 930 3790 in
948 3737 1063 3791 Africum
1087 3740 1178 3795 misso.
1239 3757 1317 3793 aesar

205 3808 358 3864 aturribus
376 3808 462 3862 multis
479 3812 623 3876 lubricatis,
641 3819 670 3863 et
685 3809 829 3875 remigibus
847 3824 863 3859 e
880 3806 1045 3861 senatoribus
1063 3809 1195 3878 equitibus
1213 3819 1243 3862 et
1260 3810 1317 3879 ple-

203 3876 272 3931 boiis
289 3870 452 3945 corrogatis,
475 3887 504 3932 et
528 3879 653 3933 militibus
677 3878 783 3947 scriptis
802 3883 831 3928 et
846 3876 958 3944 pecunie
976 3877 1091 3947 undique
1109 3888 1217 3943 coacta,
1245 3878 1317 3930 ordi-

205 3946 291 3998 nanda
308 3944 388 3999 italis
405 3954 433 3997 et
450 3948 536 4002 Gellia
553 3966 617 4001 occu
638 3954 714 4014 atus,
732 3945 866 4015 Agrippae
884 3945 1001 3997 navalem
1019 3947 1220 4000 instructionem
1239 3962 1316 3998 exer-

206 4015 313 4067 cendum
332 4022 360 4067 et
378 4018 553 4069 exornandam
571 3968 692 4071 troilon.
728 4016 750 4068 is
777 4022 807 4066 et
830 4014 943 4066 navibus
969 4022 997 4066 et
1015 4015 1160 4083 remigibus
1185 4017 1213 4069 iu
1238 4030 1317 4067 uuum

206 4083 342 4137 conductis
360 4084 418 4137 illas
436 4086 541 4151 reiecit,
559 4086 607 4139 bos
625 4094 655 4139 ut
673 4086 698 4137 iu
715 4083 845 4137 tabulatis
861 4084 1020 4150 remigarent
1036 4084 1163 4137 exercuit.

310 4154 387 4217 Quae
405 4153 466 4205 dum
484 4155 560 4221 fiunt,
577 4154 688 4207 Romani
704 4163 733 4206 et
767 4151 891 4222 rincipum
903 4152 1043 4205 discordiis
1055 4162 1084 4205 et
1093 4150 1222 4220 prodigiis
1234 4155 1320 4204 tarre-

205 4220 312 4289 bautur,
322 4239 353 4275 eo
362 4222 526 4294 potissimum
535 4224 605 4292 quod
612 4224 694 4275 albam
702 4171 825 4291 gallinam
836 4236 933 4273 ramum
945 4220 1011 4272 lauri
1024 4240 1081 4274 curu
1092 4219 1183 4273 buccis
1194 4219 1320 4274 terentem

206 4288 294 4357 αοοίίο
305 4300 454 4364 correptam
465 4292 493 4345 in
506 4291 600 4349 Liviae
611 4290 737 4363 gremium
748 4290 861 4344 deiecit:
878 4288 907 4341 id
919 4290 990 4357 quod
1000 4289 1105 4359 signum
1115 4287 1184 4341 baud
1196 4288 1319 4359 exiguum
