3134 4909
563 356 776 426 ANNALIUM
797 358 879 425 VIII
904 361 935 428 5.
1005 431 1007 434 ,
1219 360 1291 431 121

196 538 293 598 ταῦτα
311 526 363 595 διά
379 554 411 595 τε
428 527 483 612 τήν
499 532 555 612 τῆς
572 537 690 619 τροφῆς
705 533 755 597 καλ
772 531 828 615 τήν
844 538 903 599 τῶν
916 533 1090 616 ἐπιτηδείων
1102 531 1179 620 πρδς
1191 531 1294 601 άκεσιν

197 635 327 721 ἀπορίαν
351 629 474 719 σφόδρα
497 631 706 717 ἐκακώθησαν.
756 632 830 700 ὅθεν
855 635 969 722 ἀπῆρεν
991 641 1034 713 είς
1053 633 1200 723 Τάραντα
1223 642 1294 724 πρὶν

189 738 270 831 τούς
282 733 454 819 Ῥωμαίους
470 737 649 819 αἰσθέσθαι.
675 737 704 802 oi
722 737 752 801 δ’
771 736 882 804 ύπατοι
899 739 1042 823 διίβησαν
1056 741 1112 822 μὲν
1128 739 1181 804 τδν
1198 764 1295 806 ποτα-

198 841 258 923 μδν
274 840 321 904 ἐπὶ
339 836 439 925 μάχῃ,
466 836 507 915 ὡς
525 840 558 905 δὲ
575 838 689 917 πάντας
705 838 890 907 δοκεδύσθαι
907 840 1076 920 {mnibono}
1105 846 1148 921 είς
1168 841 1225 920 τὰς
1247 846 1295 909 oi·
1350 853 1354 865 '

174 946 280 1021 ὀνείας
305 940 500 1027 ἀνεχώρησαν
525 940 644 1020 πόλεις·
683 944 839 1023 ίπιδιώξαι
864 945 924 1031 γάρ
953 945 1006 1009 διὰ
1031 946 1104 1022 τούς
1129 947 1296 1034 σφετίρους
1334 1024 1342 1031 ⁸

197 1048 386 1133 τραυματίας
404 1045 459 1109 ούκ
477 1043 685 1134 ἠδυνήθησαν.
721 1044 783 1113 είτα
802 1048 831 1113 oi
846 1048 901 1130 μὲν
918 1051 961 1125 εἰς
975 1047 1031 1132 τήν
1041 1048 1206 1117 Ἀπουλίαν,
1217 1050 1335 1132 igal-c

197 1174 318 1233 μασαν,
349 1146 365 1213 ὃ
389 1149 422 1213 δὲ
438 1145 565 1233 Πύρρος
587 1137 682 1215 τᾶλλά
699 1176 730 1215 τε
746 1146 923 1234 ἡτοιμάζετο
940 1154 991 1216 καί
1008 1151 1130 1216 οἴκοθεν
1146 1150 1297 1238 στρατεώ-
1360 1206 1372 1231 ,

199 1276 255 1328 τας
278 1254 329 1315 καλ
350 1248 496 1335 χρήματα
518 1254 740 1333 μετεπίμψατο.
791 1253 904 1336 μαθών
925 1255 959 1318 δὲ
982 1254 1042 1319 τὸν·
1054 1257 1222 1340 Φαβρίκιον
1244 1257 1297 1320 καί

199 1353 252 1419 τὸν
267 1351 403 1418 Πάππον
419 1350 553 1431 ύπάτους
568 1352 735 1441 ᾑρημίνους
750 1358 801 1419 καὶ
818 1358 860 1433 εἰς
881 1353 916 1420 τὸ
940 1353 1144 1442 στρατόπεδον
1166 1358 1299 1445 δφιγμί-
1384 1376 1387 1379 ’

159 1468 286 1536 1ονους,
318 1455 372 1521 ούκ
389 1456 438 1521 ini
456 1463 511 1539 τῆς
528 1456 621 1539 αύτής
636 1458 782 1541 μεμένηκε
798 1455 928 1541 γνώμης.
948 1461 952 1468 ’

293 1558 377 1641 Ἤδη
403 1560 437 1625 δὲ
459 1566 522 1647 τών
541 1558 698 1645 ῥηθίντων
719 1556 844 1627 ύπάτων
866 1562 898 1625 ἓν
913 1563 959 1647 τῷ
974 1556 1176 1645 στρατεύματι
1192 1560 1298 1641 ὄντων,

198 1663 309 1739 Νικίας
320 1686 370 1737 τις
386 1668 446 1727 τών
462 1659 580 1749 Πύρρῳ
599 1669 713 1729 πιστῶν
729 1660 901 1728 δοκούντων
917 1654 995 1748 ἦλθε
1012 1663 1090 1747 πρὸς
1104 1662 1157 1729 τὸν
1175 1667 1298 1752 Φαβρί-

199 1788 265 1829 κιον
289 1766 340 1829 καί
357 1760 502 1847 ὑπίσχετο
520 1764 602 1854 αύτῷ
618 1764 671 1831 adv
686 1762 815 1851 Πύρρον
833 1762 1059 1852 δολοφονήσειν.
1110 1764 1299 1853 δυσχεράνας

143 1892 147 1911 ¹
201 1860 255 1933 ούν
279 1869 328 1932 ἐπὶ
352 1864 450 1955 τούτῳ
465 1869 583 1945 ’ἐκεῖνος
609 1868 714 1955 (ἀρετῇ
730 1870 790 1953 γάρ
807 1871 858 1934 καί
874 1878 940 1946 ταῖς
957 1865 1119 1951 δυνάμεσιν
1135 1870 1221 1953 ἠξίου
1238 1876 1299 1935 τών

158 1981 193 2035 15
202 1974 352 2053 πολεμίων
368 1979 487 2056 κρατεῖν
505 1967 545 2049 ὡς
562 1968 578 2036 ὅ
597 1968 766 2055 Κάμιλλος)
782 1970 968 2055 κατεμήνυσε
984 1977 1028 2059 τῷ
1043 1971 1162 2061 Πύρρῳ
1179 1973 1214 2039 sd
1232 1975 1299 2038 ἔπι·
1316 1987 1341 2041 Ι)

200 2071 371 2157 βούλευμα·
393 2076 444 2138 καί
464 2073 559 2151 οὕτως
576 2074 669 2141 αὐτὸν
685 2075 717 2140 dx
736 2072 844 2143 τούτου
861 2075 1051 2157 κατίπληξεν,
1068 2073 1145 2142 ὥστε
1162 2080 1212 2142 καὶ
1229 2076 1302 2153 τοδς

201 2174 373 2254 ἑαλωκότας
398 2183 460 2243 τῶν
480 2174 641 2261 Ῥωμαίων
666 2188 777 2265 προῖκα
807 2169 901 2256 αὖθις
926 2178 1050 2265 άρνεῖναι
1079 2181 1130 2243 καί
1160 2179 1302 2265 πρέσβεις

201 2278 291 2344 πάλιν
314 2278 389 2361 ύπέρ
413 2279 533 2363 είρήνης
555 2282 739 2346 ἆποστειλαι.
790 2282 853 2348 insi
877 2282 911 2347 δὲ
934 2282 964 2346 oi
984 2278 1133 2364 Ῥωμαῖοι
1154 2285 1223 2365 περὶ
1248 2288 1302 2364 τῆς

98 2458 101 2465 ι
204 2379 323 2465 εἰρήνης
340 2381 427 2445 ούύέν
444 2381 639 2466 ἀπεκρίναντο
646 2428 656 2459 ,
682 2365 768 2445 Δἀλλὰ
794 2387 845 2448 καί
871 2382 936 2449 τότε
959 2383 1076 2467 ἀπᾶραι
1098 2391 1154 2466 τῆς
1171 2374 1304 2460 Ἰταλίας

162 2484 339 2547 matiscon
357 2483 407 2545 καί
424 2480 520 2557 οὕτως
537 2482 640 2558 αύτοῖς
656 2482 950 2567 διακηρυκεύεσθαι,
970 2488 1021 2547 καί
1037 2486 1094 2560 τὰς
1110 2487 1305 2569 συμμαχίδας

206 2583 290 2673 αύτῷ
306 2582 407 2658 πόλεις
423 2582 600 2669 κἀτίτρεχύν
617 2608 648 2649 τε
666 2586 716 2647 καί
733 2581 838 2671 ᾕρουν,
863 2584 895 2649 ἐν
912 2584 1065 2675 ἀμηχανίη
1081 2586 1208 2670 ἐγένετο,
1234 2590 1305 2675 πρίν

276 2808 361 2881 Ιτήν
378 2813 488 2865 alterum
506 2829 547 2866 om
563 2814 598 2866 A.
708 2806 882 2881 4ίπύροντο
898 2813 932 2866 0.
1034 2810 1253 2883 coenamve
1271 2818 1302 2874 B.

272 2876 465 2949 9“Πάππον]
488 2882 528 2936 its
552 2899 603 2935 mss
620 2876 708 2936 oodd”
728 2884 904 2939 Damnosus.
943 2882 1110 2969 QPopum.
1214 2886 1247 2940 12
1263 2903 1306 2946 τις

273 2950 347 3019 τῶν]
373 2952 412 3003 roi
433 2952 464 3003 B.
573 2947 658 3075 node)
686 2948 725 3014 είς
745 2955 778 3005 Α.
885 2952 918 3006 16
935 2970 1024 3014 ουτως
1046 2952 1110 3021 AO,
1136 2947 1218 3016 οὕτος
1233 2955 1307 3007 PW.

273 3020 308 3075 18
325 3020 375 3087 τῆς
391 3037 432 3073 om
450 3020 482 3075 A.
585 3022 619 3076 21
650 3039 667 3073 ν
684 3015 739 3091 άμη
757 3021 823 3093 ανίρ
840 3014 963 3091 ίηὲνετο]
984 3024 1034 3076 buc
1049 3024 1184 3094 pertinere
1200 3024 1306 3077 videtur

274 3089 368 3143 Dionis
386 3099 536 3162 excerptum
554 3092 708 3146 Vaticanum
725 3040 759 3145 ὀύ
775 3108 839 3162 pag.
856 3090 909 3149 17⁷
925 3101 994 3149 extr.

208 3301 364 3348 commeatus
388 3304 441 3347 tam
467 3293 708 3349 medicamentorum
729 3295 843 3366 inopiam
863 3295 983 3364 graviter
1003 3294 1107 3347 afflicti.
1140 3294 1306 3361 quemobrem

207 3364 352 3417 Tarentum
369 3362 488 3417 discessit
506 3372 644 3433 antequam
664 3365 690 3417 id
706 3364 818 3418 Romani
834 3364 985 3417 sensissent„
1003 3364 1131 3426 consules,
1149 3362 1200 3413 etsi
1211 3357 1307 3414 flumen

209 3433 342 3501 pugnandi
359 3428 438 3487 causa'
456 3434 631 3500 transierant,
657 3442 743 3486 nmen
761 3450 818 3487 cum
835 3432 968 3489 audissent
986 3434 1074 3485 hostes
1091 3447 1180 3483 omnes
1197 3429 1309 3512 dissipa·

209 3512 252 3554 tos
270 3518 341 3571 esso,
364 3504 390 3557 in
408 3503 487 3556 urbes
505 3502 617 3573 Apuliae
635 3502 797 3555 hibernatum
815 3501 931 3568 reversi,
948 3509 1058 3572 propter
1073 3500 1223 3552 vulneratus
1240 3498 1309 3551 mrii-

209 3578 250 3623 tes
268 3569 325 3623 iilos
342 3572 463 3642 persequi
483 3590 533 3624 non
552 3580 701 3643 potuerunt.
735 3570 856 3635 Pyrrhus
877 3588 942 3623 vero
964 3588 1020 3622 cum
1042 3568 1094 3621 alia
1109 3567 1238 3621 instmxit
1253 3574 1309 3620 tum

209 3638 304 3693 milites
322 3648 350 3691 et
366 3642 490 3709 pecunias
508 3642 582 3694 domo
600 3640 697 3694 advehi
713 3640 800 3692 iussit.
835 3639 882 3692 sed
900 3656 957 3692 cum
974 3638 1125 3691 Fabricium
1147 3648 1174 3690 et
1190 3639 1308 3708 Pappum

209 3708 328 3762 consules
353 3709 434 3764 iectus
459 3712 486 3763 in
512 3717 600 3763 castra
617 3709 769 3780 pervenisse
785 3708 970 3779 cognovisset,
993 3708 1022 3761 iu
1045 3722 1078 3759 ea
1102 3707 1232 3760 sententia
1257 3722 1310 3759 nou

208 3775 358 3848 permansit.

312 3879 405 3933 Nicias
423 3898 485 3949 vero
501 3881 621 3951 quidum,
641 3880 687 3951 qui
702 3880 769 3933 fidus
785 3880 890 3951 Pyrrho
907 3896 967 3933 esse
982 3878 1147 3944 credebatur,
1165 3878 1198 3931 ad
1214 3875 1311 3930 Fabri·

210 3950 277 4002 oium
295 3966 324 4002 aa
343 3949 473 4019 contulit‚'
492 3970 521 4004 se
539 3951 668 4019 Pyrrhum
686 3950 744 4002 doio
762 3950 962 4003 mteriecturum
979 3949 1112 4021 podicem.
1147 3947 1218 4016 quod
1240 3944 1309 3999 iuci-

187 4060 191 4067 .
211 4034 260 4071 nus
277 4018 382 4087 indigne
399 4020 485 4073 serens
502 4020 640 4073 Fabricius
658 4019 771 4087 (virtuto
787 4019 857 4072 enim
875 4026 903 4071 et
918 4019 1029 4085 uiribus,
1046 4035 1098 4071 non
1110 4016 1214 4069 dolosa
1232 4030 1309 4067 eran·

211 4086 260 4141 dos
278 4088 376 4153 hostes,
396 4090 604 4155 quemadmodum
624 4090 758 4155 Camillus,
776 4090 914 4156 censebat)
930 4088 1039 4141 insidias
1054 4087 1157 4153 Pyrrho
1173 4085 1200 4137 in
1221 4082 1311 4139 'cavit-

213 4168 266 4225 qus
290 4174 320 4210 rs
347 4156 418 4210 illum
439 4159 478 4210 ita
500 4161 677 4229 obstupefecit
701 4167 731 4212 ut
757 4158 842 4211 denuo
859 4157 980 4210 Romanis
997 4158 1116 4226 captivos
1131 4153 1216 4222 gratis
1233 4149 1313 4203 resti-

213 4232 302 4279 tuerat
323 4233 351 4279 et
375 4244 423 4297 per
446 4228 548 4296 legatos
569 4244 660 4298 paoem
682 4234 798 4297 peteret.
833 4233 864 4279 ut
884 4234 971 4279 autem
988 4224 1097 4278 Romami
1116 4223 1150 4275 ds
1166 4237 1232 4291 pace
1248 4219 1312 4272 nihil

213 4296 414 4374 respondebunt,
432 4296 479 4352 sud
496 4294 589 4379 iturum
600 4298 678 4417 prius
695 4314 752 4380 eum
766 4296 845 4349 Italia
860 4295 987 4379 excedere
1003 4310 1080 4364 quam
1098 4291 1131 4344 de
1147 4306 1214 4372 pace
1231 4306 1312 4359 agere

214 4363 353 4433 rubebant,
374 4372 403 4419 et
417 4367 496 4421 urbes
513 4382 539 4419 er
556 4366 600 4419 ios
619 4373 704 4420 oram
720 4366 884 4419 rufestabuut
899 4370 928 4417 ct
943 4363 1141 4437 expugnabunt,
1167 4358 1311 4413 tumidu-
