3134 4909
542 321 895 389 muannmxm.
1093 295 1096 304 ’
1166 324 1267 420 1ιιι

265 487 367 576 Ὁρῶν
390 488 424 554 δέ
443 486 461 553 ἀ
479 488 658 576 Αὔγουστος
681 491 781 557 τόντε
801 490 892 558 rum
908 494 1027 559 καὶτὸν
1042 492 1182 560 Λούκιον
1200 496 1272 572 τούς

169 589 309 678 ἐγγόνους
326 594 435 679 αὐτοῦ,
457 593 512 671 οὓς
527 598 577 659 καὶ
594 594 813 677 υἱοθετήσατο,
838 598 881 679 μὴ
898 598 937 661 τὰ
952 597 1018 681 ήθη
1035 601 1198 681 ζηλοῦντας
1215 599 1271 663 αὖ·

168 704 223 761 τοῦ
241 696 292 776 (ού
310 696 366 783 γὰρ
384 692 551 784 ἀβρότιρον
568 702 672 783 διῆγον
687 698 782 781 μόνον
799 701 877 765 ἀλλά
895 704 944 765 καί
963 700 1198 786 έθρασύνοντο),
1220 704 1270 765 καί

168 802 333 881 βουληθεὶς
351 799 463 876 αύτούς
478 804 742 888 σωφρονεστέρους
758 805 876 877 θέσθαι
894 801 935 880 ἀς
951 802 1095 881 ἰδιώτας,
1114 810 1159 891 τῷ
1176 810 1271 885 Τιβε-

144 904 227 988 5ρίφ
254 906 295 978 είς
325 905 408 969 πέντε
438 903 488 986 έτη
522 904 576 988 τήν
602 907 793 992 δημαρχικὴν
817 910 956 983 ἐξουσίαν
978 906 1115 989 ἀπένειμε
1140 909 1190 970 καὶ
1214 904 1272 990 ’τὴν
1343 900 1353 921 ’

164 1005 322 1088 Ἀρμενίαν
347 1007 599 1091 ἀλλοτριουμένην
614 1010 691 1091 μετὰ
708 1010 760 1074 τὸν
777 1017 832 1082 τοῦ
851 1008 1004 1095 Τιγράνου
1022 1008 1159 1075 θάνατον
1174 1036 1270 1095 προσ·
1289 1018 1310 1068 Ρ
1328 1016 1342 1067 l
1360 1013 1412 1069 539

169 1107 346 1193 εκλήροισεν.
397 1110 483 1174 οὐδέν
506 1111 537 1173 δ’
563 1114 595 1175 έν
618 1111 726 1177 τούτου
751 1111 903 1177 ἀπώνατο.
954 1114 984 1177 oi
1005 1114 1062 1195 μέν
1084 1113 1143 1199 γὰρ
1167 1117 1272 1190 παῖδες

167 1238 210 1275 πα
233 1217 369 1296 ορᾶοθαι
387 1210 526 1291 δόξαντες
542 1212 692 1296 ἤχθοντο,
717 1212 733 1279 ὃ
759 1218 793 1281 δέ
811 1217 953 1300 Τιβέριος
976 1216 1032 1299 τήν
1056 1216 1150 1303 ἀργήν
1172 1216 1274 1282 αὐτῶν

169 1240 329 1399 iodim]-
357 1314 406 1380 διδ
432 1315 499 1380 οὔτ’
527 1320 569 1391 είς
590 1317 745 1403 Ἀρμενίαν
771 1318 974 1401 ἀπεληλύθει,
1005 1321 1077 1383 ἀλλ’
1105 1322 1148 1396 εἰς
1166 1316 1273 1385 Ῥόδον
1314 1307 1321 1327 ’

126 1418 305 1505 Ιοάφίιιετο.
356 1426 400 1505 τῷ
426 1418 458 1483 δ’
484 1421 593 1505 ἐφεξῆς
616 1420 672 1485 ἕπει
698 1424 869 1487 δωδέκατον
883 1419 1041 1487 ὑπατεύων
1058 1420 1074 1485 ὅ
1091 1422 1274 1506 Αύγουστος

169 1524 211 1597 εἷς
233 1521 305 1598 τούς
327 1520 463 1609 ἐφήβους
484 1522 537 1587 τδν
554 1525 585 1585 Γ
583 1520 649 1587 ἀϊον
671 1522 756 1602 έταξε
772 1527 832 1615 «ναί
856 1528 887 1600 ές
909 1524 944 1588 τὸ
966 1525 1183 1611 βουλευτήριον
1206 1527 1272 1606 ἅμα

168 1621 304 1709 εἰσήγαγε
332 1628 382 1689 καὶ
411 1622 574 1710 πρόκριτον
599 1626 731 1711 ἀπέφηνε
749 1636 805 1710 τῆς
823 1626 960 1710 νεότητος
977 1626 1106 1714 ίλαρχύν
1121 1654 1153 1694 τε
1170 1634 1272 1714 φυλῆς
1289 1633 1322 1685 W
1334 1632 1360 1685 Π
1371 1618 1422 1685 Ῑ67

165 1729 308 1811 γενέσθαι
326 1729 480 1813 ἐπέτρεψε.
532 1732 583 1792 καί
605 1729 676 1811 μετ’
697 1730 833 1795 ένιαυτδν
852 1733 903 1793 καὶ
921 1727 937 1794 ὁ
954 1730 1094 1805 Λούκιος
1110 1731 1166 1807 τάς
1181 1732 1273 1812 τιμάς

168 1828 237 1894 ὅσοι
254 1836 298 1917 τῷ
316 1833 346 1891 Γ
344 1835 401 1918 α’ίῳ
418 1838 462 1917 τῷ
481 1831 606 1919 ἀδελφῷ
623 1832 717 1897 odiosi
734 1835 870 1898 έδέδοντο
887 1833 1003 1915 ἔλαβεν.
1049 1835 1271 1918 ἀθροισθέντος

127 1934 203 1997 Ῑὸδέ
220 1940 275 1997 τοῦ
295 1930 393 2015 δήμου
411 1936 461 1997 καὶ
477 1935 737 2019 έπανορθιιιθῆναί
750 1962 817 2002 τινα
830 1937 985 2013 ἀξιοῦντος
996 1940 1047 2001 καί
1060 1938 1132 2014 τοὺς
1145 1934 1268 2023 δημάρ-
1284 1949 1307 2001 B
1347 1960 1350 1964 ’

164 2062 243 2117 χους
268 2038 320 2099 διὰ
342 2042 431 2102 τοῦτο
455 2037 531 2121 πρὸς
553 2037 605 2103 τὸν
620 2037 803 2123 Αύγουστον
824 2042 1019 2122 πέμψαντος,
1032 2034 1139 2122 ’ἦλθεν
1162 2043 1299 2117 εἰιεῖνος,

166 2142 217 2203 καὶ
236 2142 303 2225 περλ
320 2131 363 2205 ὧν
379 2141 496 2205 ἐδέοντο
514 2143 601 2227 σφίσι
618 2145 872 2224 συνδιεσιιέψατο·
906 2147 956 2208 καί
980 2146 1028 2207 tut
1052 2141 1148 2231 τούτῳ
1168 2145 1271 2226 ἣσθη-

166 2268 223 2305 σαν
241 2241 379 2320 ἅπαντες.
431 2245 486 2327 τὴν
504 2245 537 2308 δέ
557 2246 712 2329 θυγατέρα
725 2248 853 2310 Ἰουλίαν
870 2246 1106 2330 ἀσελγαίνουσαν
1123 2244 1272 2330 φιοριίσας

165 2342 397 2429 ὖπερωργίσθη·
424 2351 475 2410 καὶ
500 2348 612 2427 έκείνην
635 2350 689 2429 μέν
715 2351 757 2423 είς
777 2357 870 2431 νῆσον
886 2346 1038 2431 ἀπήγαγεν
1052 2344 1224 2430 ἀπερύριον,
1249 2338 1271 2432 ᾗ

125 2450 219 2509 tonui
236 2444 255 2527 ἡ
273 2446 373 2532 μήτηρ
390 2446 410 2529 ἦ
428 2449 601 2532 Σκριβωνίο
620 2444 732 2511 ἑκοῦσα
748 2450 978 2525 συνεξέπλευσε,
1002 2454 1063 2513 τῶν
1087 2449 1120 2512 δέ
1136 2448 1176 2528 δή
1189 2474 1269 2536 χρη-

168 2550 307 2628 σαμένων
326 2548 404 2634 αὐτῇ
419 2549 472 2614 τὸν
488 2551 543 2630 μέν
556 2546 681 2614 ’Ῑούλιον
695 2549 852 2615 Ἀντώνιον
868 2550 993 2616 ἔκτεινεν
1009 2550 1121 2628 ἀλλους
1136 2552 1171 2616 τέ
1185 2578 1270 2629 τινας

166 2652 321 2737 έπιφανεῖς
338 2650 453 2739 ἀνδρας
469 2648 510 2729 ὡς
526 2659 579 2735 τῆς
594 2656 761 2740 μοναρχίας
777 2654 951 2742 ἐφιεμένους
956 2703 968 2748 ,
992 2654 1064 2732 τοὺς
1088 2656 1121 2721 δὲ
1135 2656 1269 2733 λοιπούς

166 2758 207 2830 εἷς
224 2752 335 2837 νήσους
350 2754 435 2832 τινάς
449 2752 627 2842 ύπερεύρισε.
848 2741 850 2744 ¹

233 2898 251 2954 6
268 2893 336 2961 μετὰ
354 2894 405 2952 τάν
420 2899 472 2951 τού
490 2894 629 2966 Τιγράνου
646 2896 775 2953 θάνατον
792 2917 832 2952 om
844 2901 935 2970 Dionis
946 2902 1111 2972 exemplaria.
1183 2902 1217 2954 10
1228 2899 1267 2971 τῷ

234 2962 263 3018 δ’
279 2961 377 3035 ἐφεξῆς
388 2994 421 3007 --
437 2968 469 3020 18
480 2963 610 3035 ἥσθησαν
622 2962 744 3029 ἅπαντες
756 2988 795 3022 om
809 2971 899 3023 llionis
911 2972 1080 3040 exemplaria.
1162 2973 1194 3021 to
1207 2979 1268 3039 post

233 3034 394 3089 δωδέκατον
418 3038 441 3089 C
470 3038 520 3089 add
549 3036 597 3092 ἔτι.
737 3040 769 3090 Η
796 3032 928 3094 έδέδοντο
955 3042 1016 3105 ΑΒ,
1039 3035 1173 3091 ’ἐδίδοντο
1198 3040 1265 3095 PW.

235 3104 269 3157 19
287 3102 429 3174 ἀπήγαγεν
446 3124 487 3160 om
506 3106 537 3162 ll.
607 3104 688 3177 uuor)
700 3108 751 3161 add
764 3109 810 3161 AB
821 3112 882 3183 Dio.
951 3111 985 3164 21
1000 3105 1107 3161 Ἰοὕλον
1119 3108 1265 3159 Reimarus.

270 3226 400 3295 Augustus
418 3242 474 3278 cum
492 3226 587 3279 Gaium
606 3230 634 3279 et
650 3227 759 3279 Lucium
777 3237 888 3297 nepotes
906 3227 1062 3293 eosdemque
1078 3224 1147 3276 lilios
1165 3225 1270 3292 adopti-

165 3312 214 3347 vos
233 3310 284 3345 non
302 3314 363 3350 suos
380 3296 478 3348 imitari
495 3312 579 3347 mores
597 3296 701 3349 videret
725 3299 789 3363 (neo
810 3298 877 3348 enim
899 3295 1059 3347 luxuriosius
1075 3294 1202 3346 duntaxat
1220 3293 1267 3343 sed

165 3364 279 3417 ferocius
303 3367 379 3418 etiam
402 3382 432 3417 se
455 3367 615 3433 gerebant),
647 3382 745 3435 eosque
768 3372 798 3417 ut
820 3366 937 3433 privatos
960 3363 1131 3415 modestiores
1155 3361 1266 3413 reddere

165 3432 317 3501 statuisset,
344 3434 509 3487 tribuniciam
533 3440 690 3503 potestatem
706 3435 732 3486 in
750 3434 952 3501 quinquennium
973 3433 1085 3485 Tiberio
1102 3430 1221 3481 decrevit
1238 3434 1268 3479 et

165 3502 311 3556 Armeniam
331 3512 390 3572 post
413 3503 539 3573 Tigranis
561 3502 661 3554 obitum
680 3504 816 3553 alienatum
834 3504 962 3555 attribuit
999 3517 1088 3553 verum
1105 3516 1138 3551 ea
1154 3514 1184 3550 re
1202 3498 1267 3550 nibil

166 3572 286 3639 proiecit.
322 3590 379 3624 nam
404 3580 431 3625 et
454 3573 529 3641 pueri
556 3588 612 3623 cum
638 3588 667 3623 se
689 3570 784 3637 negligi
808 3580 947 3639 putarent,
972 3572 998 3625 si
1013 3570 1218 3631 succensebant3
1237 3576 1266 3620 et

164 3641 288 3693 Tiberius
312 3640 414 3693 illorum
436 3642 497 3693 iram
522 3640 624 3693 veritus
643 3638 670 3691 in
687 3639 833 3691 Armeniam
850 3657 901 3691 non
919 3640 999 3708 abiit,
1022 3639 1069 3690 sed
1089 3638 1205 3690 ilbodum
1224 3645 1266 3690 eat

165 3712 307 3779 profectus.
336 3711 469 3779 Augustus
487 3730 550 3763 vero
568 3726 635 3761 anno
651 3709 772 3777 sequenti
789 3710 966 3762 duodecimum
982 3709 1070 3762 consul
1088 3708 1183 3760 Gaium
1200 3715 1264 3774 toga

165 3780 236 3832 virili
253 3781 315 3832 data
333 3780 359 3830 in
377 3778 473 3831 curiam
491 3781 627 3833 adductum
646 3778 789 3848 principem
806 3779 953 3831 iuventutis
969 3777 1119 3846 designavit
1142 3785 1170 3829 et
1192 3776 1263 3828 sevi-

164 3866 219 3902 rum
237 3856 339 3901 turmae
358 3848 473 3916 equitum
488 3868 547 3901 asse
566 3849 655 3911 iussit,
674 3864 794 3914 annoque
815 3855 876 3915 post
892 3849 972 3901 Lucio
990 3849 1047 3901 eius
1063 3848 1140 3900 tratri
1157 3847 1262 3897 eosdem

163 3918 275 3972 honores
293 3917 374 3970 dedit.
411 3918 504 3985 populo
523 3926 681 3988 congregato
700 3925 728 3969 et
745 3918 872 3985 quaedam
890 3919 985 3987 corrigi
1004 3918 1163 3988 postulante,
1181 3933 1213 3967 es
1230 3915 1263 3966 de

164 4004 241 4040 causa
262 3988 374 4040 tribunis
397 3988 430 4038 ad
449 3986 589 4053 Augustum
608 3989 710 4054 missis,
731 3986 792 4055 ipae
809 3988 895 4052 venit,
921 3995 949 4038 et
973 4004 1040 4056 quae
1063 3988 1190 4057 petebant
1211 4001 1262 4037 uoa

93 4080 96 4085 ¹
165 4073 221 4108 oum
238 4057 278 4110 eis
294 4056 490 4109 considerarits
507 4074 560 4125 qua
577 4073 607 4109 re
624 4074 712 4109 omnes
728 4065 790 4109 sunt
805 4055 937 4109 delectati.
971 4056 1063 4109 luliam
1080 4056 1168 4119 liliam,
1186 4052 1262 4109 lasei—

166 4127 231 4176 viam
247 4127 304 4178 aius
320 4125 466 4195 aegerrime
482 4126 578 4190 serens,
597 4126 625 4179 in
641 4125 751 4187 insulam
769 4126 913 4194 relegavitr
930 4142 987 4178 oum
1002 4143 1084 4194 eaque
1096 4134 1179 4176 mater
1190 4121 1263 4172 Sori-

163 4193 242 4246 bonia
256 4196 327 4248 ultro
344 4196 369 4245 in
388 4193 506 4247 exsilium
524 4192 599 4251 abiit.
636 4212 667 4247 ax
691 4197 851 4249 amatoribus
874 4196 931 4247 eius
953 4194 1044 4247 lolium
1070 4193 1208 4245 Antonium
1234 4195 1264 4241 et

162 4262 228 4383 alque
250 4262 333 4317 claros
355 4265 427 4318 viros
451 4270 480 4316 ut
503 4278 607 4332 rognum
632 4266 787 4320 affectantes
808 4264 958 4332 intmleoit,
983 4274 1102 4317 caeteros
1120 4258 1263 4313 ininsula·

158 4331 299 4399 rsegavit.
