3134 4909
547 299 761 369 ANNaLnJM
782 302 836 367 XI
859 304 892 367 θ.
1198 300 1274 375 465

152 477 219 539 ‘rol
244 472 273 539 oi
291 471 352 555 μὲν
376 470 424 536 ἐπὶ
447 468 566 550 τούτοις
589 475 763 558 lopecino,
790 470 946 550 Κλαύδιος
963 474 998 539 δέ
1013 472 1110 552 οδτως
1126 476 1203 563 πρδς
1219 478 1276 555 τδς

169 574 310 651 κολάσεις
324 574 409 659 ἴσχεν
425 572 502 640 ὥστε
518 578 569 641 καλ
586 571 734 660 σύνθημα
749 586 815 655 τοῖς
831 575 1032 662 στρατιώταις
1047 578 1081 644 τδ
1098 578 1170 658 ἐπος
1185 588 1273 647 τοῦτο

168 685 303 763 συνεχῶς
319 676 438 743 διδόναι
442 725 453 756 ,
471 678 534 764 χρὴ
623 682 628 689 ’
1209 687 1221 694 “

299 779 390 865 ἄνδρ’
409 778 634 865 ἀπαμύνασθαι
650 779 701 848 ὅτε
716 806 763 857 τις
777 777 926 868 πρότερος
939 780 1104 869 χαλεπήνῃ.

144 882 191 967 δὴ
209 885 244 950 δέ
260 885 443 951 Μεσσαλίνα
464 887 518 952 καί
542 885 571 951 oi
593 882 794 969 ἀπελεύθεροι
816 883 913 950 αὐτοῦ
935 882 1033 960 οὕτως
1053 886 1109 967 τὴν
1124 890 1275 953 πολιτείαν
1291 902 1314 956 Ρ
1330 900 1346 955 1
1362 900 1414 959 563

170 991 223 1053 καὶ
245 986 302 1065 τάς
324 988 484 1074 στρατείας
509 992 560 1053 καὶ
583 987 640 1067 τὰς
662 988 827 1075 ἐπιτροπὰς
849 985 907 1064 τάς
929 1012 961 1053 τε
986 985 1146 1072 ἡγεμονίας
1170 993 1221 1055 καλ
1237 992 1277 1057 τδι

171 1090 254 1159 ἄλλο
274 1087 383 1162 πάντα,
398 1088 535 1157 ἐπιύλουν
556 1094 609 1157 καί
629 1089 824 1175 ἐκαπήλευσν,
852 1088 930 1156 ὥστε
954 1094 1098 1158 σπανίσαι
1122 1088 1222 1157 πάντα
1238 1092 1279 1158 τδ

172 1193 264 1273 ὤνια,
290 1194 457 1260 κάντεῦθεν
477 1200 649 1278 βιασθῆναι
669 1193 724 1261 τδν
739 1192 896 1259 Κλαύδιον
919 1192 980 1258 δπδ
1000 1192 1142 1276 βήματος
1158 1195 1215 1273 τὰς
1230 1222 1279 1261 τι-

171 1296 236 1379 μδις
257 1295 359 1361 coreb
382 1295 534 1374 διατάξαι.
582 1296 692 1363 Λάλαυ
717 1298 752 1363 δέ
774 1297 935 1363 Πλαυτίου
959 1298 990 1373 ἐς
1013 1299 1070 1382 τὴν
1092 1300 1280 1385 Βρεττανίαν

129 1397 431 1487 Ιθστρατεάσαντος,
456 1401 508 1465 καί
524 1398 564 1465 τδ
579 1402 637 1483 μὲν
651 1399 808 1477 παθόντος
823 1398 862 1465 roi
879 1400 913 1463 δέ
931 1398 1100 1486 δράσαντος
1107 1448 1118 1479 ,
1147 1398 1212 1467 ciro
1234 1408 1279 1492 τῷ
1294 1420 1332 1475 w
1347 1419 1375 1475 11
1393 1420 1445 1476 184

172 1504 322 1589 Κλαυδίῳ
338 1502 378 1567 τὰ
393 1500 556 1585 συμβάντα
572 1504 791 1588 γνωρίσαντος,
819 1504 930 1577 ἐκεῖνος
954 1503 994 1566 rol
1020 1503 1097 1568 ολλισι
1117 1504 1281 1594 Ούΐτελλίῳ

171 1606 304 1691 Λουκίηι
320 1610 364 1693 τηλ
380 1604 616 1671 συνυπατευκύτι
633 1607 800 1691 ἐγχειρίσας
816 1602 1036 1689 ἐξεστράτευσε.
1070 1608 1120 1671 καί
1136 1605 1215 1689 πρὸς
1227 1608 1283 1674 τδν

169 1707 315 1774 Ὠκεανὸν
332 1705 517 1794 ἀφικόμενος
529 1708 572 1785 είς
583 1734 615 1773 τε
625 1708 683 1792 τὴν
695 1710 882 1795 Βρεττανίαν
894 1710 1078 1793 περαιωθείς
1088 1710 1165 1791 μετὰ
1179 1712 1251 1777 πλεί
1266 1750 1282 1763 ·

173 1835 227 1888 νος
249 1817 445 1895 παρασκευῆς
467 1812 520 1876 καί
542 1808 714 1897 ἐλεφάντων
730 1812 867 1894 συνέμιξε
883 1821 947 1887 τοῖς
963 1809 1179 1895 στρατεύμασι.
1230 1816 1281 1880 καλ
1297 1833 1321 1886 Β

49 1964 55 1969 -
131 1928 168 1983 15
176 1912 247 1998 μετ’
273 1912 374 1979 αὐτῶν
395 1922 461 1989 τοῖς
480 1910 653 2001 βαρβάροις
674 1914 843 1997 συμβαλδιν
867 1916 981 1999 ἐνίκησε
1004 1918 1055 1980 καί
1076 1915 1113 1981 τὸ
1129 1914 1283 1999 βασίλειον

176 2016 279 2083 αὐτῶν
303 2011 373 2082 εἷλε.
424 2018 475 2080 καί
500 2020 543 2093 είς
566 2016 623 2100 τὴν
642 2014 762 2101 Ῥάμηυ
785 2019 954 2100 ἐπανῆλθε,
987 2017 1044 2099 τὴν
1068 2018 1206 2103 ἀγγελίαν
1228 2026 1284 2105 τῆς

175 2121 261 2204 νίκης
277 2119 329 2186 διδ
346 2125 407 2186 τῶν
421 2126 571 2205 γαμβρῶν
585 2126 643 2187 τοῦ
657 2145 690 2185 τε
707 2118 842 2207 Μάγνου
859 2124 909 2187 καί
926 2128 981 2187 τοῦ
998 2126 1130 2189 Σιλανοῦ
1146 2124 1285 2210 προπέμ·

174 2242 253 2306 ψσς.
300 2229 452 2305 μαθοῦσα
474 2225 508 2290 δὲ
524 2231 623 2289 ταῦτα
638 2219 659 2307 ἢ
675 2226 819 2310 γερουσία
835 2224 1038 2311 Βρεττανικὸν
1054 2226 1105 2288 καί
1123 2225 1217 2290 αύτδν
1233 2230 1286 2291 καλ

175 2326 231 2391 τδν
246 2324 313 2390 vib
330 2326 425 2392 αύτοῦ
441 2324 618 2404 ἐπεκάλεσε,
639 2329 690 2389 καί
706 2327 806 2391 πολλὰ
823 2327 927 2402 αὐτοῖς
944 2324 1119 2413 ἐψηφίσατο
1136 2327 1234 2412 ἕτερα.
1377 2314 1383 2321 ’

135 2440 174 2493 w
279 2422 328 2489 Ἡ
349 2428 383 2491 δέ
407 2429 592 2493 Μεσσαλίνα
618 2426 771 2512 ὀρχηστοῦ
797 2424 966 2510 ἐρασθεῖσά
992 2451 1072 2503 τινος
1099 2430 1287 2515 Μνηστῆρος

180 2527 416 2612 ιδιομασμίνου,
441 2530 504 2593 ἐπεὶ
527 2526 614 2613 μηθ’
641 2524 839 2611 ύποσχίσεσιν
863 2526 955 2594 αύτδν
980 2526 1057 2613 μήτ’
1086 2528 1287 2618 ἐκφοβήσεσιν

247 2740 379 2825 νοντ’...
394 2755 428 2815 s.
462 2754 494 2812 n.
510 2755 538 2809 α
553 2723 616 2813 σου.
645 2758 699 2811 οι.
723 2756 753 2807 π
775 2754 810 2813 τυ
836 2756 860 2809 o
885 2756 945 2814 133.
1072 2758 1213 2834 χιαπηη
1229 2762 1286 2832 sc,

248 2825 402 2909 γαλεπαίνη
420 2825 489 2879 PW.
592 2827 611 2883 9
626 2830 688 2913 πλυτι
699 2826 763 2880 τίον
779 2829 818 2910 A,
836 2824 978 2879 Πλαντίοσ
995 2827 1062 2885 PW.
1080 2828 1220 2893 Πλαύτιος
1234 2834 1287 2888 Dio

129 2952 132 2958 ,
249 2913 306 2949 cum
325 2895 433 2947 Tacrto·
538 2898 573 2950 1o
588 2894 637 2948 καί
654 2914 689 2949 τα
708 2924 745 2937 -
760 2895 917 2965 δρασαντσς
942 2913 982 2948 om
999 2898 1032 2954 B.
1136 2903 1168 2954 ll
1190 2897 1288 2957 orim-

249 2964 299 3035 up
317 2964 384 3018 PW.
486 2962 520 3018 17
537 2965 689 3020 σιλουανοῦ
704 2965 738 3022 Α.
778 2998 781 3003 -
842 2964 876 3019 18
893 2963 1072 3035 βρεττανικύν
1095 2985 1125 3022 τε
1149 2964 1237 3026 corle
1252 2974 1286 3032 Δ.

250 3032 300 3087 καί
314 3026 366 3087 cair
383 3030 436 3086 add
452 3031 533 3087 Arc.

180 3240 217 3295 ob
234 3236 303 3307 quool
319 3238 417 3290 lactum
433 3236 461 3289 bi
478 3237 578 3291 laudati
595 3244 665 3292 suut.
701 3236 828 3292 Claudius
851 3254 913 3291 roro
939 3237 973 3290 ad
996 3236 1125 3308 supplicia
1150 3244 1204 3294 tau
1226 3258 1288 3313 pro·

178 3322 281 3381 pensus
298 3307 394 3375 erasit,
410 3310 441 3360 nl
458 3308 584 3360 militibus
600 3308 680 3361 istum
695 3324 799 3360 versum
818 3308 928 3361 subinde
945 3323 994 3379 pro
1011 3313 1113 3363 tessera
1130 3308 1207 3363 daret

347 3408 431 3462 poena
446 3392 544 3448 luenda
554 3392 627 3462 uiro,
644 3391 667 3446 si
683 3394 743 3463 quis
759 3393 834 3464 prior
850 3391 939 3446 intulit
956 3408 1037 3447 orme.

180 3493 263 3550 porro
280 3473 423 3532 Messalino
442 3490 470 3534 et
487 3480 576 3534 liberti
594 3480 650 3532 ciue
666 3478 704 3532 ita
721 3497 776 3532 rem
793 3477 921 3547 publicam
939 3476 1122 3549 expeditiones
1139 3478 1289 3548 praefectu-

178 3564 229 3603 ras
253 3547 424 3616 magistratus
445 3559 603 3619 metamque
626 3550 712 3602 omnic
735 3548 887 3601 vendebant
909 3556 936 3600 et
951 3547 1186 3613 aetimabuntur,
1213 3550 1289 3604 utin

180 3614 295 3671 omnium
317 3632 403 3669 rerum
423 3619 553 3673 venalium
571 3618 680 3689 penuric
697 3616 825 3669 Claudius
842 3617 900 3686 ipss
915 3633 964 3685 pro
983 3616 1107 3669 tribunali
1123 3617 1209 3688 puetis
1226 3636 1290 3671 con·

179 3686 296 3740 stituere
313 3695 459 3755 cogeretur.
481 3705 538 3741 cum
555 3688 638 3741 Aulus
653 3685 772 3738 Plautius
789 3702 847 3737 cum
863 3684 985 3738 exercitu
1001 3684 1029 3737 iu
1047 3684 1208 3739 Britanniam
1224 3704 1288 3759 pro-

178 3759 269 3811 fectus
286 3753 374 3807 clades
393 3755 459 3809 alius
476 3758 637 3827 accepisset,
657 3754 723 3808 elias
739 3753 886 3819 intulisset,
911 3758 1053 3807 arctatum
1070 3770 1156 3809 rerum
1174 3754 1288 3809 Claudio
1314 3758 1317 3767 '

180 3824 370 3893 significasset,
387 3824 470 3879 Lucio
488 3828 597 3880 Vitellio
614 3824 733 3892 collegae
746 3824 774 3876 in
792 3822 929 3877 consulatu
945 3838 994 3874 suo
1011 3838 1109 3877 rumma
1120 3840 1205 3877 rerum
1217 3842 1290 3879 man-

180 3895 248 3948 dato
264 3910 313 3963 per
330 3894 466 3948 Oceanum
482 3912 540 3965 curu
557 3896 696 3948 maioribus
713 3892 799 3962 copiis
815 3902 844 3945 et
860 3890 1005 3961 elephantis
1023 3891 1051 3944 in
1066 3893 1176 3945 insulam
1195 3904 1288 3949 vectus

181 3977 241 4017 cum
260 3964 373 4016 caeteris
394 3963 541 4031 legionibus
564 3965 693 4017 berburos
715 3977 858 4031 eggressus
882 3969 937 4027 est,
964 3960 1052 4030 iisque
1068 3960 1146 4015 vietis
1162 3964 1288 4032 regiaque

181 4032 286 4085 illorum
304 4040 384 4102 cepta
400 4031 508 4085 Romam
527 4032 622 4098 rediit,
648 4031 745 4100 Magno
763 4038 793 4083 et
810 4031 901 4085 Silano
918 4030 1024 4099 generis
1040 4029 1171 4084 victoriae
1188 4031 1287 4085 nuntiis

181 4100 345 4171 premissis.
380 4118 433 4185 quc
459 4102 566 4169 cognita
587 4108 694 4153 senatus
716 4108 746 4153 et
765 4100 818 4183 ipsi
835 4110 864 4155 ct
880 4097 936 4151 filio
953 4098 1010 4153 eius
1027 4098 1172 4154 Britannici
1189 4116 1288 4169 coguo-

88 4209 92 4221 ,
183 4178 298 4224 mentum
316 4179 346 4226 et
360 4172 428 4223 aluos
444 4171 537 4222 multos
553 4170 665 4223 bonores
681 4170 811 4225 δοστοτιί.

288 4239 430 4293 Messalina
451 4238 603 4292 saltatorem
625 4239 752 4307 quendem
776 4239 934 4293 Mnesterem
958 4235 1076 4299 nomino,
1102 4235 1176 4289 ouius
1199 4252 1287 4291 cruore

185 4310 266 4375 apta
283 4316 349 4377 eret,
367 4321 428 4364 oum
443 4324 492 4361 nec
507 4306 741 4375 pollicitationibus
758 4326 808 4363 uec
824 4306 901 4363 niuis
918 4304 952 4359 ad
964 4302 1131 4359 concubitum
1141 4306 1287 4376 perpellere

238 4390 365 4451 Ζοσοτσν
380 4394 501 4449 Anaclce
518 4391 554 4446 11.
855 4459 858 4467 ,
1037 4396 1079 4463 30
