3134 4909
512 440 515 447 Ι
560 354 775 421 enutriunt
797 357 848 420 rx
865 358 916 421 το.
1214 357 1287 425 263

179 522 312 604 τοξότας.
364 523 420 606 τὴν
443 523 499 606 μέν
524 515 579 590 οὖν
603 526 766 610 ἐκδρομὴν
781 535 842 591 τῶν
864 522 1010 611 ἁρμάτων
1028 524 1288 615 προεκδραμόντις

179 628 208 693 oi
221 626 372 710 Ῥωμαῖοι
389 631 439 691 καὶ
455 627 532 709 μετδι
550 638 685 713 κραυγῆς
700 634 787 715 σφίσι
805 635 919 713 πολλῆς
933 626 1133 715 ἀντιμέτωποι
1150 656 1286 719 προσπε-

178 729 282 806 σόντες
299 730 465 811 ἀνέκοψαν,
491 728 568 796 ώστε
587 732 626 795 rol
645 732 743 796 πολλὰ
762 734 863 797 αὐτῶν
885 737 915 810 ἐς
938 734 1009 811 τοδς
1027 736 1193 819 ἐλέφαντας
1209 762 1285 821 τρα-

178 832 295 915 πόμενα
321 830 413 896 πόλιν
440 832 474 898 τό
498 840 609 919 οίκεῖον
633 833 842 921 συνετάραξαν
867 836 970 918 (αὐτοί
988 863 1017 901 τε
1036 838 1094 921 γὰρ
1112 839 1283 903 ἐπλανῶντο
1357 875 1359 882 ⁴

152 938 229 999 ὅκαλ
253 936 324 1011 τοδς
346 937 592 1019 ἐπιτεταγμένους
618 940 723 1025 σφίσιν
739 938 968 1024 ἐκφοβήσαντες
985 940 1204 1023 διεσκέδασαν),
1230 942 1285 1025 τὴν
1375 1018 1380 1025 ι

178 1039 212 1103 δέ
229 1041 344 1114 τοξείαν
360 1042 410 1102 καί
428 1039 483 1121 τὴν
500 1039 700 1126 σφενδόνησιν
711 1040 829 1127 όμβρος
842 1043 936 1117 πσλδς
949 1040 1154 1125 ἐπιγενόμενος
1165 1044 1281 1127 ἀσθενῆ
1298 1057 1320 1108 Β

177 1142 332 1223 ἐποίησεν·
359 1138 470 1224 ὁμίχλη
488 1169 519 1206 τε
537 1148 658 1228 πλείστη
676 1148 726 1209 καὶ
744 1150 860 1226 βαθεῖα
878 1151 1025 1227 συμβᾶσα
1044 1146 1116 1222 τοδς
1131 1147 1187 1227 μέν
1199 1143 1281 1211 Ῥω·
1292 1164 1329 1217 W
1340 1162 1430 1218 11105

175 1246 287 1325 μαίους
305 1242 356 1307 ἀτε
374 1240 562 1327 κρατοῦντας
578 1250 628 1309 καὶ
647 1244 826 1330 ἀμχεμάχως
852 1248 884 1311 ἐκ
898 1246 1002 1335 χειρός
1017 1250 1212 1331 μαχομένους
1231 1249 1285 1313 οὗ·

177 1347 228 1412 δέν
245 1343 415 1425 ἐνεπόδισε,
442 1346 513 1423 τοδς
529 1347 564 1411 δ’
584 1350 745 1427 ἐναντίους,
770 1345 821 1413 οἶα
839 1352 1068 1435 πεφοβημένους
1082 1355 1166 1440 ’ίππῳ
1184 1377 1215 1416 τε
1233 1356 1285 1416 καί

134 1457 170 1511 10
178 1450 277 1537 τοξείρ
294 1448 329 1513 τό
347 1454 489 1514 πλεῖστον
505 1452 682 1533 χρεομένους
688 1500 698 1529 ,
724 1448 781 1534 τήν
797 1476 829 1515 τε
848 1451 981 1537 πρόοψιν
999 1458 1041 1529 είς
1057 1454 1096 1519 τὰ
1113 1449 1285 1537 τοξεύματα

174 1552 332 1639 ἀφείλετο,
360 1554 410 1615 καλ
437 1554 503 1638 περὶ
521 1552 673 1635 ἀλλήλους
689 1550 731 1629 ιδς
753 1555 786 1618 ἐν
802 1553 900 1641 σκότῳ
915 1558 1128 1637 πλανωμένους
1145 1556 1285 1643 έσφηλεν.

173 1653 258 1735 ὅμως
275 1654 308 1719 δ’
330 1646 385 1719 οὖν
402 1654 525 1735 ίσχυσεν
542 1652 558 1719 ό
573 1656 740 1739 Ἀντίοχος
756 1667 819 1731 τοῖς
836 1655 1066 1744 καταφράκτοις
1079 1658 1200 1722 ἱππεῦσι
1215 1659 1286 1734 τοδς

174 1755 374 1833 ἀντιστάντας
391 1756 474 1847 crispi
490 1756 682 1842 τρεψόμενος
697 1761 788 1845 μέχρι
801 1764 858 1823 τοῦ
873 1761 1082 1845 στρατοπέδου
1100 1763 1202 1825 ἐλθεῖν
1219 1762 1285 1825 ἔπι-

175 1857 295 1924 διώκων
319 1856 440 1934 αὐτούς.
492 1861 546 1923 καί
566 1886 599 1945 γε
618 1857 693 1926 είλεν
710 1861 748 1927 ἀν
761 1857 836 1925 αάτό
846 1910 856 1940 ,
879 1862 965 1944 εἰμὴ
986 1859 1121 1948 Μάρκος
1139 1864 1286 1945 Αἰμίλιος

133 1962 317 2037 15Λέπιδος
341 1958 358 2025 ό
382 1962 437 2045 τὴν
466 1963 605 2048 φρουρὰν
631 1964 727 2029 αὐτοῦ
751 1964 828 2048 έχων
851 1964 922 2040 τοδς
944 1963 1085 2049 πρώτους
1103 1962 1286 2051 προσιόντας

175 2070 237 2129 τών
250 2062 413 2146 Ῥωμαίων
429 2064 607 2143 ἀπέκτεινεν,
625 2068 687 2131 ἐπεὶ
704 2066 748 2150 μὴ
765 2066 880 2132 έπεισεν
897 2066 1010 2143 αδτοδς
1025 2073 1081 2150 τῆς
1098 2058 1198 2154 φυχῆς
1215 2070 1280 2133 ἐπι·
1297 2082 1320 2136 0

174 2178 266 2251 σχεῖν.
318 2168 350 2232 έκ
373 2169 433 2252 γὰρ
457 2166 566 2233 τούτου
592 2170 710 2234 ἐκείνων
736 2195 766 2234 τε
793 2170 822 2235 οῗ
847 2172 946 2235 λοιποί
969 2167 1217 2256 ὑποστρέψαντες
1234 2173 1286 2233 καλ

175 2271 269 2347 αὐτὸς
296 2271 496 2357 ἀκραιφνέσιν
522 2272 721 2357 ἐπεκδραμὼν
755 2282 818 2348 τοῖς
849 2283 997 2359 φρουροῖς
1025 2269 1203 2336 ἀπεώσαντο
1233 2270 1286 2335 τόν

170 2372 345 2454 Ἀντίοχον.
398 2376 430 2437 ἐν
447 2364 472 2459 ᾧ
489 2375 523 2437 δέ
539 2376 625 2438 τοῦτ’
645 2378 768 2457 έγίνετο,
788 2380 896 2449 Ζεῦξις
915 2374 993 2437 καθ’
1015 2375 1117 2455 ἕτερον
1133 2373 1226 2458 μέρος
1242 2378 1286 2459 τῷ

134 2471 370 2558 λδταφρεόματι
379 2474 566 2559 προσβαλών
575 2474 647 2537 είσιο
657 2499 687 2536 τε
698 2473 793 2537 αὐτοῦ
803 2476 926 2554 εἰσῆλθε
938 2477 987 2537 καὶ
999 2470 1139 2555 ἁρπαγὴν
1148 2468 1286 2551 ἐποιεῖτο,

176 2576 285 2658 μέχρις
306 2564 343 2638 οδ
367 2571 543 2651 δΛέπιδος
565 2574 691 2660 ᾔσθετο.
744 2572 811 2640 τότε
838 2575 898 2661 γὰρ
922 2574 1057 2651 κάκεῖνος
1080 2575 1114 2639 τό
1140 2576 1286 2662 σφέτερον
1310 2582 1313 2601 “

177 2674 346 2763 έρρόσατο,
372 2680 423 2741 καί
448 2673 464 2741 δ
485 2680 616 2742 Σκιπίων
638 2680 674 2743 sd
700 2683 757 2743 τοῦ
774 2676 942 2759 Ἀντιόχου
967 2673 1046 2756 εἷλε,
1073 2680 1123 2741 καί
1147 2679 1178 2742 ἓν
1202 2678 1312 2766 αὐτῷ,

175 2779 308 2857 πολλοδς
330 2780 387 2862 μέν
410 2779 615 2867 ἀνθρώπους,
641 2780 771 2858 πολλοὺς
789 2780 823 2845 δ’
841 2782 955 2857 ἵππους
971 2776 1117 2865 δποζόγια
1140 2780 1286 2869 ἀργύριον

244 2992 267 3073 θ·
278 2989 357 3058 σφίσι
372 3006 422 3075 our·
431 2991 465 3044 A.
570 2994 588 3045 8
604 2985 779 3077 ἀχχιμοίχοτς]
795 2984 964 3060 ἀγχωμάλως
980 3008 1082 3077 ιψιιομ
1096 2956 1194 3045 nollit
1210 2994 1284 3047 codi-

244 3061 330 3126 cibus,
348 3066 379 3113 ut
395 3061 511 3113 rsdetur.
615 3064 649 3113 1ο
665 3074 780 3128 προτευς
795 3060 828 3115 A.
934 3061 968 3115 16
983 3076 1131 3113 anennoeto
1147 3062 1180 3114 A.

175 3248 250 3296 tores
267 3246 296 3295 et
311 3242 473 3313 sagittarios.
509 3261 631 3297 curruum
647 3243 771 3313 impetum
790 3244 901 3296 Romani
919 3242 1019 3311 priores
1040 3242 1194 3295 excursione
1212 3244 1285 3297 lecte

175 3327 324 3380 magnoque
346 3313 458 3365 clamore
476 3314 581 3365 subluto
597 3314 624 3364 in
642 3330 688 3365 eos
704 3314 772 3366 illati
788 3312 962 3379 retuderunt,
986 3317 1017 3363 ut
1040 3312 1157 3395 plerique
1180 3311 1207 3361 in
1232 3313 1285 3363 ele-

175 3382 290 3450 phentos
312 3398 402 3435 rursus
419 3382 541 3435 conversi
559 3382 696 3435 amicorum
715 3384 797 3434 eciem
815 3382 971 3445 turbarent,
997 3397 1053 3432 curn
1071 3388 1099 3431 et
1115 3377 1167 3448 ipsi
1184 3386 1285 3432 temere

175 3452 323 3517 ferrentur,
340 3458 368 3501 et
384 3451 572 3504 commilitones
590 3452 699 3504 territos
716 3451 779 3502 dissi
800 3458 885 3501 erent.
920 3448 1052 3517 sagittarii
1071 3464 1133 3500 vero
1153 3452 1181 3498 et
1197 3446 1286 3499 lundi-

175 3525 250 3571 tores
267 3534 360 3585 rnugrw
375 3518 458 3572 imbre
474 3527 537 3573 sunt
553 3519 695 3573 debilitati.
731 3520 762 3572 ed
780 3468 855 3583 haec,
874 3534 965 3585 magne
984 3525 1012 3567 et
1029 3516 1109 3567 dense
1125 3515 1284 3569 nebuleRo·

175 3602 266 3640 menos
284 3587 382 3655 quippe
396 3588 511 3642 victores
529 3596 558 3642 et
575 3590 691 3642 corninus
712 3588 777 3640 totis
794 3586 894 3639 viribus
912 3591 1059 3655 pugnantes
1076 3584 1138 3636 nihil
1156 3584 1285 3654 impediit,

176 3656 223 3708 sed
250 3654 415 3707 adversario·
438 3659 546 3711 territos
571 3664 599 3710 et
625 3657 774 3726 sagittariis
799 3663 879 3724 etque
898 3655 1016 3722 equitatu
1035 3652 1143 3705 maxime
1160 3654 1284 3720 nitentes,

96 3767 102 3774 .
176 3724 300 3792 adempto
317 3740 378 3792 pros
397 3730 458 3777 ectu
475 3728 509 3780 ed
527 3728 666 3796 dirigende
681 3728 745 3790 telo,
761 3725 832 3776 inter
848 3740 907 3775 sese
924 3724 996 3776 utin
1016 3722 1135 3775 tenebris
1156 3724 1283 3775 oberren-

175 3801 217 3848 tes
242 3793 348 3845 nultum
374 3744 458 3846 ldesit.
502 3796 644 3849 Antiochus
670 3804 759 3847 temen
789 3792 964 3861 cataphractis
988 3790 1122 3861 equitibus
1144 3792 1283 3846 aduersum

176 3878 257 3915 cornu
273 3862 440 3931 profligatum
457 3881 540 3934 usqne
559 3866 591 3917 ed
610 3871 699 3916 cestre
735 3868 872 3915 essecutus
890 3868 947 3925 τοῖς
972 3877 1056 3929 enque
1073 3861 1204 3931 cepisset,
1231 3860 1283 3913 nisi

175 3932 215 3985 ht.
234 3932 362 3985 Aemilius
379 3930 495 4001 Lepidus
518 3936 552 3987 iis
575 3882 752 3986 custodiendis
775 3930 884 3983 relictus
903 3932 1076 3983 Rornanorum
1094 3930 1191 3999 pn‘rnos
1208 3946 1284 3981 ncce-

176 4000 268 4053 dentes
286 3999 443 4067 occidisset,
468 4018 524 4055 curn
542 4004 583 4053 eis
599 4010 628 4054 ut
645 4004 732 4071 fugem
749 4001 877 4053 sisterent
899 3999 1057 4068 persuadere
1073 4014 1125 4048 non
1142 3998 1281 4066 potuisset.

176 4074 230 4121 turn
248 4070 317 4122 enim
335 4077 362 4123 et
379 4067 473 4139 reliqui
490 4070 515 4121 in
526 4072 627 4123 hostem
639 4072 783 4131 redierunt,
802 4077 828 4120 et
839 4068 898 4137 ipse
909 4084 965 4119 curn
980 4066 1091 4135 integris
1101 4064 1283 4185 praesidiariis
1340 4082 1345 4099 ⁸

178 4139 333 4191 excursione
352 4140 426 4191 fecte
444 4137 598 4191 Antiochum
615 4140 738 4209 reppulit.
773 4140 876 4191 interce
893 4136 1100 4187 veroZeuxise
1136 4134 1185 4188 elie
1206 4138 1282 4201 perte

178 4205 204 4257 iu
223 4207 317 4259 vellum
334 4206 440 4291 irrupit,
455 4206 532 4274 idque
550 4208 601 4259 diri
620 4208 673 4259 uit:
697 4208 781 4259 donec
798 4205 914 4274 Lepidus
937 4222 966 4257 re
990 4203 1173 4257 animadversu
1189 4209 1218 4253 st
1234 4217 1282 4253 sue

178 4282 266 4326 cum
289 4276 424 4343 defendit,
448 4283 477 4328 et
491 4275 581 4343 Scipio
601 4228 722 4328 Antiochi
746 4284 831 4327 cestre
854 4273 935 4343 cepit.
969 4274 995 4324 in
1010 4273 1044 4325 iis
1062 4272 1133 4323 multi
1151 4270 1283 4331 mortales,

178 4342 251 4395 multi
269 4345 328 4413 eqni
346 4346 462 4399 inruente
478 4351 612 4411 argentum
631 4361 720 4396 eurum
739 4346 804 4396 ehur
821 4349 848 4394 ct
866 4343 934 4396 eliee
951 4358 994 4395 res
1006 4341 1139 4411 pretiosae
1150 4338 1283 4391 inventae.
