3134 4909
534 341 748 410 ANNALIUM
768 341 851 410 VIII
875 343 926 410 22
1216 346 1286 417 181

180 509 239 575 ἀπὸ
266 510 301 576 τὸ
329 506 451 592 ἱμάτιον
476 507 642 594 ἀποβαλὼν
668 519 717 580 καί
742 513 894 593 ύπτιάσας
919 513 1014 592 αύτάς
1038 513 1097 605 ίφη
1119 513 1209 602 ιἐ’γιίι
1233 521 1289 602 μὲν

178 613 310 679 ἐνταῦθ’
337 606 363 679 ὦ
380 612 587 702 Καρχηδόνιοι
612 619 663 682 καί
685 618 738 682 τὸν
764 615 897 702 πόλεμον
913 621 964 683 καλ
980 620 1036 702 τὴν
1053 616 1174 705 εἰρήνην
1192 622 1288 709 φίρω,

180 713 267 798 ύμεΐς
291 715 323 780 δ’
350 712 494 804 ὁπότερον
518 718 618 784 αύταλν
640 717 794 799 βούλεσθε
812 723 953 786 ἕλεσθε.”
1008 721 1238 809 ἀποκριθέντων
1253 727 1289 790 δὲ

180 820 346 903 μηδέτερον
361 821 418 902 μίν
435 818 608 908 αἱρεῖσθαι,
636 823 785 905 δέχεσθαι
809 822 845 888 δ’
872 821 999 906 ἑτοίμως
1022 821 1168 914 ὁπότερον
1192 852 1289 892 κατα-

157 919 548 1012 ῥλείψονσιν,,ίπήγγειλεν
564 923 668 1001 αὐτοῖς
685 925 794 991 αὐτίκα
811 926 864 992 τὸν
881 923 1022 1008 πόλεμον.

287 1071 377 1139 Οὕτω
393 1075 450 1158 μίν
466 1068 521 1140 οὖν
536 1080 588 1142 καί
606 1077 657 1142 διὰ
674 1085 772 1143 ταῦτα
790 1080 821 1142 ci
837 1067 869 1144 τε
882 1074 1027 1160 Ῥωμαῖοι
1044 1079 1096 1142 καί
1113 1078 1143 1142 σί
1160 1080 1289 1162 Καρχη-

182 1172 277 1239 ἀάνιοι
293 1175 329 1240 τὸ
347 1175 487 1262 δεύτερον
504 1179 701 1264 ἐπολέμησαν.
753 1184 805 1246 καί
820 1182 856 1247 τὸ
874 1179 1031 1265 δαιμόνιον
1047 1181 1087 1245 τιλ
1103 1179 1288 1264 γενησόμενα
1305 1199 1330 1250 Ι)

182 1274 399 1363 προεσήμηνεν.
450 1279 481 1344 ἓν
497 1281 556 1366 γὰρ
579 1288 617 1368 τῇ
637 1277 741 1368 Ῥώμῃ
760 1284 961 1369 ἀνθρωπίνως
976 1280 1104 1366 ίλάλησε
1121 1289 1214 1372 βοῦςη,
1240 1286 1292 1348 καλ

184 1379 285 1464 λ’τερος
307 1381 339 1445 ίν
364 1386 403 1466 τῇ
426 1388 487 1473 τῶν
507 1380 668 1464 Ῥωμαίων
693 1383 857 1469 πανηγύρει
873 1387 905 1461 ἐξ
922 1388 1018 1461 οίκίας
1036 1387 1079 1460 είς
1093 1384 1148 1449 τὸν
1166 1387 1292 1472 Τίβεριν

140 1479 292 1547 Ιοὲαοτὸν
316 1482 425 1570 ἔρριψε
448 1487 498 1548 καί
523 1483 650 1572 ἐφθάρη
656 1533 668 1563 ,
701 1490 844 1570 κεραυνοί
865 1511 897 1550 τε
922 1490 1029 1550 πολλοὶ
1052 1487 1215 1572 ίφίροντο,
1240 1489 1293 1551 καὶ

183 1581 261 1668 αἷμα
284 1585 319 1652 τὸ
342 1587 398 1668 μίν
425 1588 457 1664 dg
482 1585 667 1672 ἀγαλμάτων
691 1586 787 1674 α’ίφθη
804 1587 839 1652 τὸ
857 1588 893 1652 (λε’
909 1589 941 1666 ἓξ
959 1587 1088 1662 ἀσπίδος
1105 1583 1293 1672 στρατιώτου

183 1686 295 1774 ἐρρύη,
321 1685 425 1772 ἕτίρον
442 1713 474 1754 τε
491 1692 580 1776 ξίφος
596 1691 628 1765 ἐξ
646 1689 742 1754 αύτοῦ
757 1695 813 1753 τοῦ
830 1689 1038 1773 στρατοπίδου
1057 1687 1148 1763 λύκος
1163 1688 1294 1774 ἥρπασε.

182 1795 226 1876 τῷ
252 1791 284 1853 δ’
308 1790 430 1878 Ἀννίβᾳ
454 1794 552 1876 θηρία
568 1792 668 1856 πολλὰ
685 1793 735 1854 καί
753 1790 895 1876 ἀγνωστα
912 1790 965 1855 τὸν
976 1789 1087 1875 Ἴβηρα
1106 1792 1294 1870 διαβαίνοντι

184 1889 463 1977 προκαθηγήσατο,
488 1895 540 1957 καί
557 1891 632 1976 ἀψις
648 1891 892 1980 ἀνείροαίφάνη.
944 1891 1028 1968 ίιλοξε
1050 1889 1110 1977 γάρ
1135 1917 1207 1957 ποτε
1223 1893 1295 1969 τοὺς

143 2001 176 2059 15
187 1991 280 2070 θεοὺς
296 1995 328 2060 ἐν
343 1993 485 2084 ἐκκλησίᾳ
498 1995 691 2080 καθημένους
702 1995 971 2078 μεταπέμψασθαί
982 2020 1013 2059 τε
1028 1994 1121 2059 αὐτὸν
1133 1997 1185 2058 καὶ
1198 2021 1295 2079 στρα-

183 2101 289 2161 τεῦσαι
306 2093 352 2161 ὅτι
368 2095 499 2179 τάχιστα
516 2101 559 2175 είς
574 2099 629 2181 τὴν
642 2099 774 2164 Ἰταλίαν
791 2095 980 2185 προστάξαι,
1011 2099 1062 2160 καὶ
1086 2103 1190 2178 λαβεῖν
1215 2098 1292 2182 παρ’

184 2196 285 2265 αὐτῶν
300 2205 355 2282 τῆς
371 2195 447 2265 ὃδοῦ
462 2198 610 2284 ἡγεμόνα,
632 2204 683 2265 καί
696 2201 919 2285 ἀμεταστρεπτί
934 2196 991 2262 ἀπ’
1013 2199 1108 2264 αὐτοῦ
1126 2204 1296 2280 κελευσθῆ-

183 2325 234 2365 ναι
251 2295 394 2368 ίπεσθίιι·
412 2310 664 2390 μεταστραφῆναι
681 2303 716 2368 δὲ
732 2305 782 2367 καί
798 2305 871 2367 ίδεΐν
880 2307 1018 2384 χειμῶνα
1031 2300 1126 2383 μίγαν
1134 2305 1297 2384 χωροῦντα
1313 2317 1335 2370 Ρ
1353 2317 1367 2370 1
1383 2317 1436 2372 409

185 2405 236 2466 καλ
262 2401 414 2488 δράκοντα
440 2405 524 2492 αὐτῷ
546 2406 819 2482 ἐπακολουθοῦντα
844 2399 1023 2484 ἀμήχανον,
1058 2402 1109 2462 καί
1132 2398 1298 2482 θαυμάσαι

144 2501 316 2590 Ἇθίρίσθαι
331 2529 365 2568 τε
381 2503 434 2568 τὸν
452 2505 570 2588 ἀγωγὸν
586 2507 620 2570 τί
634 2511 731 2568 ταῦτα
751 2499 825 2567 sier·
852 2505 905 2566 καλ
920 2501 973 2564 τὸν
991 2503 1083 2565 είπεῖν
1102 2493 1152 2566 “ni
1165 2501 1297 2584 Ἀννίβα,

186 2609 285 2672 ταῦτα
302 2603 565 2692 σνμπορθίσοντά
583 2631 631 2672 σοι
648 2606 704 2690 τὴν
716 2608 848 2670 Ἰταλίαν
864 2601 1018 2689 ίρχεται.”

257 2839 325 2923 leni
344 2859 442 2932 ίμοίτια
458 2865 492 2919 Α.
576 2857 705 2920 deciscis
722 2881 764 2918 nm
781 2865 814 2919 A.
901 2854 989 2920 θούν
1006 2865 1057 2920 edd
1073 2866 1127 2922 A..
1189 2867 1221 2918 15
1240 2873 1303 2936 post

254 2931 469 3006 καθημίνοοςΒ
488 2934 539 2988 add
556 2931 613 2992 καί.
721 2935 754 2990 18
769 2929 840 3003 μέγα
856 2933 890 2988 Α.

186 3187 278 3242 pacem
293 3179 387 3241 portur
404 3177 490 3226 utrum
505 3173 594 3242 placet
609 3167 734 3228 sumite.”
764 3189 823 3225 cum
840 3171 1042 3243 respondissent
1058 3185 1089 3222 se
1105 3172 1226 3221 neutrum
1243 3170 1306 3237 qui·

186 3240 381 3361 dedrqxepmere,
403 3242 451 3294 sed
468 3247 554 3296 utrum
572 3240 692 3294 dedisset
708 3241 832 3296 ciecriter
848 3246 1020 3308 accepturos,
1045 3237 1140 3292 bellum
1157 3235 1198 3288 eie
1214 3236 1303 3289 statim

185 3324 214 3361 rn
261 3325 292 3361 s.

292 3423 349 3478 Hoc
365 3427 447 3498 igitur
463 3427 538 3482 modo
556 3435 584 3480 et
599 3426 641 3480 hia
658 3428 693 3480 de
709 3427 797 3480 causis
813 3425 886 3477 inter
903 3423 1003 3478 cartha
1022 3421 1138 3473 ’niensee
1162 3425 1192 3471 et
1206 3417 1303 3500 Rome-

189 3511 237 3548 uos
262 3494 371 3550 alterurn
395 3497 487 3550 balium
510 3501 552 3550 est
577 3496 725 3550 conflotum.
760 3497 851 3548 iuturs
880 3499 967 3547 antem
1024 3489 1124 3542 rinitus
1140 3488 1307 3571 ‘denuntiate

190 3569 267 3618 sunt:
291 3580 349 3616 nem
366 3563 465 3618 Romae
483 3567 531 3620 bos
550 3565 661 3619 humano
678 3583 746 3618 voce
762 3564 866 3616 Iocutus
883 3567 941 3628 est,
966 3567 996 3613 et
1013 3558 1080 3612 eiius
1095 3557 1162 3610 indm
1181 3556 1305 3610 Romnum

191 3649 225 3686 ex
242 3631 352 3685 aedibus
370 3648 399 3686 se
414 3634 441 3685 in
459 3633 579 3688 Tiberim
595 3632 784 3704 praecipitavit
800 3647 834 3684 sc
849 3630 939 3699 periit,
957 3627 1065 3681 fulmine
1081 3627 1162 3710 multe
1178 3633 1240 3678 snut
1257 3627 1304 3679 de·

191 3702 260 3768 ieta,
285 3701 392 3768 sanguis
408 3708 462 3756 tum
479 3722 495 3758 e
512 3703 608 3756 statuis
623 3702 742 3756 manavit
759 3709 814 3754 tum
831 3716 846 3751 e
863 3697 951 3751 militis
970 3696 1102 3749 cniusdam
1118 3698 1221 3765 clipeo,
1239 3697 1305 3748 slte-

192 3769 245 3824 riue
264 3785 352 3822 ensem
371 3769 447 3838 lupus
464 3791 497 3826 ex
513 3773 578 3842 ipsis
597 3773 691 3825 castris
709 3769 806 3839 rapuit.
840 3765 985 3820 Hannibali
1007 3783 1071 3818 vero
1087 3767 1181 3818 muitse
1196 3766 1306 3847 iguqtae

193 3839 293 3892 bestiae
314 3839 419 3892 Iberum
443 3842 590 3894 transeunti
614 3841 698 3893 veluti
721 3841 790 3891 viam
808 3841 1001 3902 monstrarunt,
1024 3844 1053 3888 et
1071 3835 1199 3887 somnium
1216 3835 1306 3915 iupus-

133 3939 134 3944 =
191 3907 260 3961 modi
278 3907 412 3980 apparuit.
446 3907 584 3978 aliquando
610 3909 663 3963 sibi
685 3909 759 3960 visus
784 3915 828 3960 cdt
850 3922 866 3957 a
890 3904 941 3956 diis
966 3903 994 3958 in
1017 3903 1129 3986 couciiip
1152 3903 1306 3985 sedentrbue

192 3977 290 4031 arcessi
312 3983 341 4030 et
363 3977 549 4047 quamprimum
573 3979 602 4031 iu
619 3977 723 4030 Itelism
746 3974 891 4030 exercitum
914 3974 1011 4026 ducere
1036 3973 1136 4039 iuben,
1162 3974 1196 4025 eb
1212 3987 1306 4038 eisque

192 4045 281 4098 ducem
304 4045 410 4100 itineris
435 4047 569 4114 accepisse
593 4063 668 4116 quem
693 4063 744 4098 uon
770 4052 924 4114 respectans
941 4049 1104 4110 sequeretur.
1138 4041 1184 4094 sed
1202 4052 1307 4120 cnmrc

191 4113 382 4180 convertisset,
408 4131 433 4168 m
469 4131 528 4166 narn
543 4115 666 4183 ingruere
684 4121 867 4186 tempestatem
883 4111 1002 4179 vidisse,
1018 4109 1212 4177 draconemque
1229 4121 1305 4173 seqm

191 4181 306 4250 ingentis
328 4131 530 4252 usngnittiiinisz
553 4199 701 4251 quaecum
724 4183 881 4246 miraretur,
906 4181 1040 4263 dnetnrem
1058 4196 1087 4230 ro
1136 4195 1166 4230 se
1183 4175 1325 4258 quidnam⁴

190 4265 225 4302 en
241 4249 294 4304 sibi
310 4253 424 4319 redent3
450 4251 497 4322 qui
513 4252 696 4322 responderit,
719 4269 752 4306 ee
769 4252 809 4307 iiii
827 4251 860 4304 ed
877 4257 1029 4306 vestratem
1046 4247 1059 4299 1
1108 4263 1140 4298 ae
1158 4244 1306 4297 adiumento

189 4319 282 4372 futura
296 4337 365 4378 esse.
