3134 4909
506 237 511 251 ’
556 270 769 339 ιιιιιιιιοιιι
790 270 843 337 ιιι
865 275 894 340 s,
1060 240 1067 247 ’
1208 280 1282 356 461

172 444 304 532 ἐκράτει.
355 446 412 510 onix
428 442 524 521 εόθδς
539 444 642 527 μέντοι
660 446 702 521 εἰς
718 444 773 528 τὴν
788 446 906 527 βουλὴν
922 448 1075 534 εἰσῆλθεν,
1100 450 1180 517 ἀλλά
1205 458 1284 537 μετδ

169 548 357 637 τριακοστὴν
373 546 499 633 ἡμέραν,
526 546 579 613 διά
603 572 634 613 τε
658 548 711 613 τδν
728 547 823 611 Γάϊον
847 547 944 628 οὕτως
968 552 1148 621 ἀπολωλότα
1165 557 1282 641 δεδιαίς,

168 656 225 718 καὶ
249 652 296 717 ότι
319 653 395 728 τινές
419 649 531 716 ἐαυτοῦ
553 654 692 734 βελτίους
715 655 757 729 εἷς
780 652 836 735 τὴν
860 651 956 737 ἀρχὴν
982 656 1067 741 παρά
1091 666 1145 743 τῆς
1165 669 1283 747 βουλῆς

169 753 413 839 ὠνομάσθησαν.
444 755 525 819 ἀλλά
540 754 580 821 τά
598 781 628 820 τε
646 754 725 819 ἀλλα
743 755 878 841 ἀκριβῶς
894 756 1082 843 ἐφυλάσσετο
1100 765 1150 826 καί
1167 764 1283 845 πάντας

141 860 247 937 stuic
270 859 353 945 αὐτῷ
377 857 558 945 προσιόντας
582 860 776 944 ἐρευνᾶσθαι.
791 862 882 923 ἐποίει
907 858 952 944 μή
975 888 1003 927 τι
1027 865 1157 949 ξιφίδιον
1181 868 1281 951 ἐγωσι,

169 966 225 1027 καὶ
242 964 273 1027 ἐν
292 973 355 1039 τοῖς
370 964 551 1045 συμποσίοις
567 960 754 1047 στρατιώτας
774 959 849 1045 εἶχεν
876 963 958 1051 αὐτῷ
982 964 1137 1046 συνόντας.
1189 971 1205 1036 δ
1229 976 1281 1038 καλ

166 1066 250 1149 μετδ
268 1073 366 1131 ταῦτα
383 1068 508 1152 ἐγένετο·
530 1061 550 1149 ἢ
569 1067 601 1130 δέ
618 1072 678 1131 τῶν
695 1069 835 1154 ξιφιδίων
852 1065 958 1153 ἐρεννα
976 1069 1028 1133 διδ
1048 1069 1280 1141 Οὐεσπασιανοῦ

167 1168 335 1236 ἐπαόσιιτο.

160 1327 164 1333 ,
276 1272 412 1365 Τδνὶμέν
429 1262 483 1335 οὖν
500 1269 640 1355 Χαιρέαν
656 1272 710 1334 καί
724 1268 935 1348 τινας-ἀλλους
960 1271 1138 1356 ἀπέκτεινεν,
1165 1276 1200 1343 αδ
1228 1280 1280 1345 διδ

122 1389 161 1443 10
169 1376 227 1442 τδν
243 1374 347 1453 Γάϊον,
373 1376 443 1440 ἀλλ’
464 1371 563 1461 ἐαυτῷ
581 1373 751 1459 ἀσφάλειαν
767 1373 1039 1459 προμηθοίμενος·
1066 1384 1116 1444 καὶ
1140 1376 1156 1445 δ
1180 1385 1279 1463 Σαβῖ-

167 1506 223 1558 νος
239 1481 273 1545 δέ
289 1478 366 1545 έκάιν
383 1478 535 1554 ἀπέθανε,
560 1478 605 1559 μὴ
623 1476 756 1555 ἀξιώσας
773 1478 976 1554 κολασθέντος
993 1488 1049 1545 τοῦ
1065 1484 1204 1571 Χαιρέου
1222 1488 1280 1551 αδ-

167 1584 222 1661 τδς
238 1594 398 1670 περιεῖναι·
423 1580 480 1657 τάς
497 1580 530 1644 δέ
547 1587 602 1645 τοῦ
619 1583 650 1642 Γ
647 1585 716 1645 α’ίόν
734 1580 872 1665 ἀδελφάς
891 1580 944 1664 τήν
961 1606 993 1647 τε
1015 1582 1209 1670 Ἀγριππίναν
1226 1594 1276 1655 καὶ
1293 1609 1315 1663 1>
1332 1609 1346 1663 1
1363 1610 1414 1665 561

166 1688 225 1771 τὴν
239 1688 369 1753 Ἰουλίαν
384 1683 565 1768 καταγαγιδν
582 1685 614 1747 ἐκ
630 1691 685 1766 τῆς
700 1680 865 1769 ὑπερορίας
871 1732 881 1763 ,
907 1688 958 1749 κοιλ
976 1685 1031 1763 τάς
1051 1688 1157 1767 οάσίας
1173 1692 1280 1771 αάταῖς

169 1791 324 1868 ἀπέδωκε,
345 1793 396 1853 καὶ
414 1788 485 1863 τοδς
501 1786 615 1871 ἀλλους
632 1788 703 1863 τοδς
718 1785 897 1865 ἐκπεσόντας
914 1785 1026 1870 δμοίως
1042 1791 1201 1880 κατήγαγε.
1226 1800 1278 1861 καλ

123 1892 244 1971 15τοδς
268 1895 300 1957 ἐν
323 1892 453 1978 εἱρκταῖς
475 1890 652 1971 δεδεμένους
676 1890 810 1975 ἀκριβῶς
833 1891 990 1971 ἐξετάσας,
1015 1894 1087 1972 τοδς
1109 1898 1166 1980 μέν
1184 1924 1278 1967 συκο-

170 1997 397 2084 φαντουμένους
420 1996 536 2081 ἀφῆκε,
560 1992 633 2069 τοὺς
649 1995 682 2058 δέ
698 1993 966 2077 κακουργήσαντάς
988 2023 1016 2061 τι
1040 1997 1175 2067 ἐκόλασε.
1225 2002 1278 2069 κοιλ

169 2099 209 2165 τδ
233 2098 381 2187 φάρμακα
405 2099 426 2163 ἀ
443 2097 543 2163 πολλά
559 2099 591 2161 ἐν
607 2108 670 2174 τοῖς
686 2105 742 2162 τοῦ
757 2100 789 2159 Γ
787 2103 855 2161 αίοα
875 2095 987 2185 εὑρέθη
995 2148 1005 2179 ,
1032 2104 1082 2167 καὶ
1108 2106 1147 2169 ui
1169 2112 1277 2189 βιβλία

168 2210 225 2269 τοῦ
241 2204 476 2291 Πρωτογένους,
503 2200 538 2265 δν
554 2202 605 2264 καλ
623 2200 801 2277 ἀπέκτεινεν,
828 2201 944 2267 ἐκαυσε.
997 2201 1036 2267 τά
1054 2230 1086 2270 τε
1109 2205 1278 2293 γράμματα

171 2305 288 2390 δέλεγε
304 2308 359 2387 μέν
376 2311 566 2369 κατακαῦσαι
585 2299 601 2366 δ
619 2303 729 2379 Γάϊος,
757 2300 928 2386 εὑρέθησαν
948 2306 982 2368 δέ
1000 2304 1090 2384 όντα,
1121 2319 1184 2384 τοῖς
1199 2317 1277 2392 βου-

126 2414 289 2484 θθλενταΐς
304 2433 337 2471 τε
354 2407 499 2481 ἐπέδειξε,
517 2406 568 2468 καὶ
586 2402 694 2467 ἐδαικιν
713 2405 882 2486 ἀναγνῶναι
900 2414 963 2480 τοῖς
977 2430 1007 2470 τε
1025 2404 1183 2491 γράψασιν
1198 2413 1276 2479 anui

171 2511 222 2574 καλ
238 2518 302 2583 τοῖς
318 2507 397 2572 καθ’
418 2498 460 2570 ὧν
476 2506 658 2592 ἐγέγραπτο,
684 2508 734 2569 καί
751 2504 829 2587 μετά
846 2513 935 2571 τοῦτο
952 2508 1124 2595 κατέφλεξε.
1175 2523 1229 2599 τῆς
1245 2543 1277 2584 τε

168 2614 328 2699 γερουσίας
354 2611 505 2693 ἀτιμῶσαι
531 2611 736 2691 βουληθείσης
765 2606 819 2675 τδν
845 2607 939 2674 Γάϊον
945 2658 956 2689 ,
991 2621 1191 2700 ψηφισθῆναι
1218 2622 1314 2701 μένΒ
1420 2666 1423 2679 .

167 2723 259 2782 τοῦτο
277 2714 368 2791 αότδς
384 2712 531 2791 ἐκιόλνσε,
558 2713 666 2788 νυκτὸς
683 2713 716 2777 δέ
732 2711 788 2788 τάς
805 2709 922 2789 εέκόνας
945 2713 1040 2781 αὐτοῦ
1064 2716 1167 2798 πάσας
1189 2721 1275 2810 ἠφά-

167 2845 246 2897 νισε,
263 2821 314 2883 καὶ
330 2818 370 2911 τά
386 2814 446 2883 ini
464 2824 518 2883 τοῦ
535 2818 566 2877 Γ
564 2820 634 2881 aino
647 2818 698 2880 καὶ
715 2812 773 2903 ἀφ’
792 2812 900 2902 ἐτέρων
915 2817 958 2884 δι’
974 2820 1085 2885 ἐκεῖνον
1099 2823 1155 2887 οὐκ
1168 2823 1274 2911 ὀρθῶς

234 2975 358 3035 3αάτοῦ
375 2980 407 3035 0.
512 2978 549 3031 20
565 2969 693 3043 ἀπέδειξε
711 2977 744 3031 λ.
842 2994 871 3032 τι
888 2979 998 3034 aiterum
1015 2997 1055 3034 orn
1074 2984 1107 3035 Α.

165 3118 265 3171 curium
282 3133 334 3170 non
351 3118 438 3170 atatim
455 3118 501 3169 aed
519 3116 654 3186 trigesimo
672 3115 717 3167 die
734 3121 797 3185 pont
812 3118 895 3181 venit,
914 3126 968 3170 tum
986 3118 1050 3170 Gnii
1066 3118 1175 3173 interitu
1192 3122 1271 3177 torri-
1295 3140 1299 3146 ’

165 3194 219 3253 toa,
236 3193 290 3238 tum
307 3188 376 3253 quod
393 3187 475 3257 oiiqni
491 3186 550 3257 ipso
567 3188 601 3239 od
619 3185 754 3254 imperium
772 3186 888 3253 aptiores
906 3202 922 3236 n
939 3195 1031 3239 senatu
1044 3189 1169 3243 nominati
1183 3199 1268 3251 orant.

166 3256 223 3309 ουἰσ
242 3254 354 3306 caetori·
369 3255 396 3307 in
413 3258 493 3309 robus
510 3263 633 3307 aventato
650 3272 679 3305 ae
697 3255 835 3320 custodiit,
860 3266 915 3305 turn
933 3258 1053 3307 omnna'o
1068 3258 1164 3325 quibua
1181 3262 1270 3317 adiro.

165 3334 211 3379 tur
229 3322 317 3376 oxonii
334 3324 413 3377 inoait
429 3342 462 3377 ne
479 3325 548 3378 τῖσαι
565 3328 675 3387 torrent,
693 3331 720 3375 et
737 3324 832 3376 nniiitoa
850 3322 883 3374 od
901 3324 1025 3377 convivia
1043 3343 1129 3381 oeoutn
1147 3330 1269 3386 adduxit.

166 3394 236 3515 qoold
254 3392 377 3463 ‹loinoooa
394 3410 499 3464 quoquo
516 3396 630 3447 iactum
649 3393 762 3445 nicarum
779 3408 843 3445 voro
861 3389 995 3461 inquisitio
1013 3410 1063 3465 por
1079 3397 1269 3467 Vespasianum

164 3465 268 3518 nnbata
286 3470 336 3514 eat.

268 3531 414 3585 Chaeream
430 3539 460 3585 et
475 3532 578 3601 aliquot
591 3532 657 3585 aiioa
676 3528 790 3593 occidit,
816 3545 867 3581 non
891 3536 921 3582 nt
940 3528 1001 3583 Gaii
1025 3547 1114 3585 nocem
1134 3534 1275 3591 nioiaoera·

164 3610 222 3667 tor,
248 3601 295 3654 aad
320 3608 350 3652 ot
373 3602 509 3655 aoonritati
530 3619 593 3655 anae
615 3600 756 3654 oonanitum
775 3608 855 3650 esset.
891 3599 1005 3651 διοίσειν
1024 3600 1092 3653 nitro
1110 3601 1163 3657 sibi
1181 3623 1272 3661 monus

165 3670 260 3737 attolit,
278 3670 412 3738 indignam
429 3681 503 3724 rotun
521 3672 544 3723 ai
555 3672 674 3725 Chaerea
692 3667 833 3719 interiecto
852 3678 987 3737 superstes
1005 3676 1082 3725 eaaot.
1119 3674 1181 3727 Gaii
1200 3678 1274 3729 soro-

164 3758 208 3794 m
228 3738 398 3809 Agrippinam
418 3748 445 3791 ot
462 3740 553 3793 iuliotn
569 3739 716 3803 revocavit,
736 3734 812 3789 honio
831 3738 971 3790 tentitutia.
1007 3739 1098 3793 eodem
1115 3742 1191 3795 motio
1209 3762 1272 3797 cae-

164 3818 237 3863 am
254 3825 359 3878 quoque
377 3811 481 3863 mut„
497 3812 631 3863 metavit,
658 3826 705 3861 σοι
722 3806 766 3876 qni
785 3808 812 3856 in
831 3822 934 3859 carcero
954 3806 1037 3860 vincti
1055 3817 1132 3862 oront
1148 3824 1271 3867 accurato

164 3878 328 3949 exploravita
353 3894 401 3947 per
418 3879 569 3933 calumniam
587 3881 687 3931 delatos
704 3876 823 3938 dimisit„
833 3884 922 3926 oontoa
941 3876 1069 3946 supplicio
1088 3880 1187 3934 offecit.
1224 3899 1271 3935 ve.

163 3966 247 4014 nana,
264 3964 373 4017 qnorum
391 3963 485 4015 magna
501 3949 577 4017 copia
594 3950 620 4001 in
640 3949 702 4001 Gaii
720 3944 824 3999 seriniis
844 3952 885 3995 est
903 3956 1022 4013 reporta,
1042 3954 1070 3999 ot
1086 3950 1186 4003 iibeiioa
1204 3950 1272 4003 Pro·

164 4026 193 4069 to
213 4017 278 4084 onia,
296 4034 372 4087 quem
390 4016 468 4070 etiam
487 4018 596 4083 occidit,
614 4018 750 4071 cremavit.
777 4012 887 4081 scripta,
906 4030 973 4083 qnae
991 4016 1076 4069 Gaius
1093 4035 1123 4071 ae
1140 4036 1269 4073 cremante

164 4103 181 4138 a
212 4094 326 4153 marat,
349 4096 457 4156 roperta
475 4086 577 4139 senatui
594 4090 720 4153 ostendit,
747 4082 910 4153 legendaque
927 4093 979 4136 tom
997 4084 1030 4137 iia
1047 4102 1062 4137 ιι
1081 4088 1173 4155 ιμιιλνσε
1192 4103 1268 4155 quam

163 4154 198 4205 iia
215 4168 389 4226 contraquon
405 4156 504 4224 acripta
527 4166 604 4209 orant
626 4155 761 4220 exhibuit,
787 4162 879 4221 posteo
905 4153 1013 4205 oxuaait.
1049 4156 1153 4207 senatui
1172 4154 1267 4211 Gaium

164 4222 305 4291 ignominia
328 4233 454 4278 nototnro
480 4226 581 4278 roatitit
606 4242 659 4293 quo
683 4227 766 4279 minua
788 4222 816 4275 io
841 4222 973 4273 decretum
998 4222 1082 4277 floret.
1117 4224 1176 4292 ipao
1200 4241 1266 4277 voro

163 4301 240 4345 nocto
257 4302 360 4350 statuat
377 4296 434 4351 αλια
450 4312 539 4349 otnoao
554 4295 674 4362 anatolii,
698 4303 725 4348 ot
748 4310 816 4363 quoa
834 4290 876 4345 vei
893 4291 925 4343 ob
943 4289 1002 4359 ipso
1020 4292 1062 4343 voi
1080 4291 1113 4345 ab
1131 4292 1188 4345 oliia
1204 4311 1266 4365 pro.
