3134 4909
270 394 274 401 ,
297 322 375 392 460
658 321 830 389 IOANNIS
852 320 1048 387 ZONARAE

297 497 349 562 uui
367 494 550 584 νομιζομίνρι
567 494 696 560 ίπιεικεΐ.
729 496 756 559 εὶ
771 494 830 580 γὰρ
850 496 899 557 καί
917 489 1059 558 ἀνεδύετο
1077 493 1128 555 καί
1146 488 1307 573 ἀντίλεγεν,
1328 490 1402 555 ἀλλ’

297 596 369 665 ὅσον
385 599 521 675 ἐξίστατο
539 601 588 663 καλ
606 597 772 676 ἀντίκειτο,
798 604 943 662 τοσοῦτον
964 602 1082 678 μᾶλλον
1100 595 1356 680 ἀντεφιλονείκουν
1373 596 1404 661 oi

258 720 282 775 Β
299 708 482 789 στρατιῶται
498 702 542 784 μὴ
559 702 637 787 παρ’
656 699 765 787 ἕτίριυν
783 707 888 781 λαβεῖν
905 696 1117 785 αύτοκράτορα
1134 698 1204 762 ἀλλ’
1226 696 1310 762 αὐτοὶ
1329 701 1404 763 δοῦ-

297 832 347 871 ναι
364 810 448 871 πᾶσι.
490 804 607 869 διὸκαὶ
625 804 717 883 ἀκων,
744 802 787 882 ὡς
803 802 916 883 ίδίκει,
942 799 1090 884 ύπίκυψε.
1131 798 1285 885 μαθόντες
1302 802 1336 867 δὲ
1352 804 1405 867 καὶ

298 909 328 975 oi
350 907 460 987 ύπατοι
484 910 534 972 καί
560 908 589 972 οἱ
605 912 766 989 βουλευταί
783 907 845 993 ἤδη
863 912 1128 995 προκατειλῆφθαι
1145 905 1200 990 τὴν
1218 902 1326 991 ἀρχήν,
1352 908 1428 976 καλῇ

297 1010 383 1086 crisci
401 1007 610 1095 ὡμολόγησαν.

399 1116 463 1180 Καί
490 1114 570 1180 οὕτω
599 1114 740 1196 Τιβίριος
767 1110 922 1190 Κλαύδιος
948 1112 1057 1196 Νίριυν
1084 1108 1272 1193 Γερμανικὸς
1299 1107 1315 1173 ὅ
1346 1118 1403 1175 τού

296 1214 444 1305 Δρούσου
460 1225 516 1283 τοῦ
531 1224 586 1299 τῆς
602 1220 722 1297 Λιβίας
737 1217 807 1282 υἱοῦ
823 1218 894 1294 ’παῖς
910 1222 965 1298 τῆς
982 1217 1188 1298 αδτοκρατοῦς
1213 1214 1309 1298 ἀρχῆς
1333 1214 1402 1280 ίτυ-

292 1346 358 1404 χεν,
380 1320 462 1405 ἀγων
478 1320 544 1397 ἴτος
561 1318 771 1405 πεντηκοστόν.
821 1320 933 1405 ἐγίνετο
953 1321 985 1383 δὲ
1002 1320 1057 1401 τὴν
1072 1320 1127 1399 μίν
1144 1316 1247 1399 ψυχὴν
1264 1317 1301 1381 ού
1320 1324 1402 1405 φαῦ-

296 1429 366 1502 λος,
393 1425 540 1489 ἀλλὰκαὶ
558 1425 590 1487 ir
607 1427 729 1513 παιδείρ
745 1423 871 1507 ἤσκητο,
901 1422 976 1488 ὥστε
994 1426 1045 1487 καί
1064 1419 1239 1505 συγγράψαι
1256 1418 1340 1485 τινιί·
1367 1422 1442 1492 silo

297 1527 331 1591 δὲ
347 1532 437 1608 σῶμα
455 1525 601 1610 νοσώδης.
653 1525 732 1592 πάνυ
756 1529 791 1591 δέ
814 1524 1093 1611 ἓγνναικοκρατήθη
1119 1523 1184 1605 ἅμα
1207 1529 1256 1587 καί
1276 1514 1401 1590 ἐδουλο-

256 1644 280 1699 G
297 1629 450 1718 κρατῆθη.
502 1628 555 1695 ἀτε
571 1633 620 1694 καί
639 1631 671 1694 ίκ
689 1632 806 1695 παίδων
822 1630 853 1695 ἵν
870 1656 901 1696 τε
918 1632 1056 1719 νοοηλείρι
1074 1631 1125 1691 καί
1143 1628 1175 1691 ἓν
1192 1614 1281 1715 ηάβῳ
1298 1634 1401 1717 πολλῷ

295 1737 437 1820 τραφείς,
463 1733 628 1798 κάντεῦθεν
648 1733 791 1817 εὐήθειαν
808 1736 859 1798 καί
876 1736 922 1797 tut
941 1739 1041 1797 πλεῖον
1057 1739 1112 1813 τῆς
1134 1731 1281 1813 ἀληθείας
1303 1756 1401 1815 προσ-

142 1849 281 1907 wum
298 1833 500 1920 ποιησάμενος
521 1841 571 1901 καί
595 1836 695 1919 ἤθους
713 1835 888 1922 χαυνότητα
912 1836 998 1921 (ὅπερ
1022 1838 1072 1900 καί
1092 1834 1183 1911 αδτδς
1198 1837 1230 1899 ir
1248 1841 1284 1920 τῇ
1301 1840 1402 1921 βουλῇ

296 1936 503 2024 ὡμολόγησε),
528 1943 580 2005 καί
603 1942 699 2006 πολύν
721 1944 777 2023 μίν
798 1939 910 2025 χρόνον
927 1947 965 2026 τῇ
981 1938 1064 2026 τήθη
1081 1941 1182 2027 Λιβίᾳ
1199 1938 1294 2004 πολύν
1313 1941 1347 2003 δί
1363 1964 1399 2025 τῃ
1406 1952 1439 2003 15

294 2046 388 2129 μητρὶ
408 2043 551 2134 Ἀνταινίρι
575 2054 638 2120 τοῖς
662 2044 692 2110 τ’
712 2045 927 2129 ἀπελιυθίροις
944 2044 1183 2125 συνδιαιτηθείς,
1209 2041 1297 2107 ούδίν
1314 2044 1399 2107 ίλευ-

293 2148 482 2233 θεροπρεπές
497 2147 696 2213 ἐπεδείκνυτο·
745 2149 917 2211 ἀπετίθεντο
935 2146 966 2210 δ’
986 2147 1069 2233 αὐτῷ
1086 2146 1117 2209 αἱ
1134 2147 1272 2229 γυναῖκίς
1293 2148 1397 2211 τεκαὶ
1431 2204 1432 2209 ,

294 2249 324 2315 oi
340 2248 539 2334 ἀπελεύθεροι
555 2254 587 2316 ἐν
605 2261 668 2326 τοῖς
684 2247 788 2326 πότοις
806 2253 855 2314 καί
873 2250 905 2314 ἐν
921 2259 987 2325 ταῖς
1002 2252 1118 2332 μίξεσι·
1136 2247 1215 2313 πάνυ
1228 2249 1285 2333 γάρ
1296 2246 1397 2331 ἀπλή-

293 2378 373 2431 στως
389 2354 575 2442 ἀμφοτίροις
592 2353 776 2439 προσίκειτο.
815 2353 892 2437 πρὸς
909 2354 1009 2417 δὲκαὶ
1028 2355 1140 2417 δειλίαν
1158 2349 1225 2433 είχε.
1263 2357 1398 2427 τοιούτος
1424 2370 1431 2379 “

296 2457 329 2521 δὲ
353 2457 514 2544 πεφυκώς,
540 2454 584 2536 ὡς
600 2455 757 2523 συνελόντι.
770 2460 871 2535 εἰπεῖν,
900 2456 984 2539 ὅμως
1009 2456 1064 2521 οὐκ
1086 2457 1173 2539 ὀλίγα
1197 2457 1248 2519 καὶ
1272 2452 1441 2533 (ieiunium

254 2574 279 2628 D
297 2557 451 2647 ίπραττενΙ
467 2558 572 2637 ὃσάκις
593 2568 654 2625 τῶν
677 2562 841 2645 είρημίνων
865 2565 977 2625 παθῶν
1000 2559 1059 2639 ίξαι
1083 2562 1192 2644 ἐγίνετο
1217 2560 1267 2625 καί
1281 2556 1399 2625 -ἓαυτοῦ

365 2774 378 2823 l
399 2765 427 2823 εί
440 2764 493 2838 γάρ
511 2766 557 2823 καλ
574 2800 610 2810 -
626 2772 645 2823 t
659 2764 787 2836 ἀνέκυψε
810 2787 851 2822 ons
875 2770 968 2824 Dionis
985 2770 1100 2825 codices.
1122 2818 1124 2825 .
1204 2768 1220 2824 9
1239 2764 1290 2838 uir
1307 2771 1357 2824 edd
1374 2771 1397 2823 Δ

365 2839 426 2893 Dio.
506 2842 540 2895 13
556 2834 691 2907 εύήθειαν
709 2847 770 2909 post
784 2837 1042 2907 προσποιησάμενος
1058 2844 1090 2893 Α.
1177 2842 1210 2895 18
1227 2844 1286 2901 τοῖς
1302 2837 1399 2901 πότοις

363 2901 644 3033 ἔριλκὶνθέιγῖςογρίῖρι
659 2909 684 2963 Α
700 2925 757 2963 tutu
774 2910 869 2977 Dione,
887 2914 950 2972 ταῖς
965 2908 1051 2978 μίξεσι
1067 2904 1123 2983 κᾷν
1139 2914 1199 2973 τοῖς
1215 2906 1312 2973 τούτοις
1329 2910 1398 2967 PW.

295 3166 419 3220 Caesarei
435 3167 542 3236 generis
560 3173 643 3231 esset,
668 3170 698 3218 st
722 3167 835 3219 clemens
857 3166 1007 3220 baberetur.
1043 3166 1094 3219 etsi
1117 3166 1185 3219 eninr
1209 3168 1348 3219 recusabat
1370 3171 1399 3218 et

294 3238 495 3306 refragabatur,
521 3246 608 3288 tamen
630 3245 754 3305 quantum
771 3236 815 3288 iiie
832 3237 994 3289 renitebatur
1010 3253 1091 3305 seque
1109 3237 1273 3305 opponebat,
1297 3242 1398 3289 tanturn

294 3306 390 3359 milites
408 3308 616 3369 contendebant,
634 3323 667 3357 ne
685 3307 719 3358 ab
738 3306 796 3357 aliis
813 3306 993 3375 imperatorem
1011 3306 1165 3374 acciperent
1184 3306 1229 3357 sed
1248 3305 1299 3375 ipsi
1319 3305 1399 3357 omni-

293 3376 342 3428 bus
360 3376 463 3428 dorent.
488 3376 578 3445 itaque
597 3376 696 3427 invitus
714 3376 828 3441 tundent,
847 3384 877 3428 ut
894 3393 956 3444 prae
975 3393 1003 3428 so
1021 3376 1132 3441 serebat,
1150 3375 1200 3427 iliis
1217 3376 1307 3429 cessit.
1334 3390 1398 3425 con-

292 3446 364 3497 suies
382 3461 445 3498 vero
463 3454 492 3497 et
507 3456 643 3498 senatores
660 3446 704 3498 ubi
723 3446 772 3495 iarn
791 3454 1007 3514 praeoccupatum
1025 3462 1083 3497 csse
1093 3444 1229 3514 inperium
1239 3444 1399 3511 didicerunt,

292 3513 345 3582 ipsi
363 3532 467 3583 quoque
485 3514 670 3566 renuntiationi
688 3514 745 3565 eius
762 3525 824 3566 sunt
841 3516 949 3569 assensi.

396 3582 439 3635 Ito
456 3584 581 3637 Tiberius
600 3584 724 3636 Cisndius
743 3584 816 3636 Nero
834 3583 1019 3644 Germanicus,
1037 3580 1132 3634 Liviae
1150 3600 1182 3635 ex
1199 3583 1287 3634 Druso
1305 3598 1397 3649 nepos,

292 3650 428 3719 imperium
447 3662 489 3704 est
506 3654 627 3723 adeptus,
644 3671 711 3704 anno
730 3655 825 3705 aetatis
843 3652 1065 3725 quinquagesimo.
1101 3652 1206 3718 ingenio
1224 3652 1326 3719 qrridern
1347 3650 1399 3702 tuit

293 3736 345 3772 non
363 3722 565 3788 contemnendo,
591 3734 619 3775 et
644 3722 789 3791 disciplinis
813 3724 850 3776 itn
876 3724 993 3775 eruditus
1011 3730 1041 3774 nt
1058 3722 1184 3790 qtraedasn
1203 3720 1398 3788 conscripserit,

292 3788 444 3842 valetudine
461 3805 545 3842 autern
562 3808 654 3874 parurn
672 3793 760 3844 firma:
780 3793 926 3846 mulieribus
940 3801 966 3844 et
978 3792 1063 3843 servis
1076 3808 1169 3860 parcre
1180 3792 1276 3845 solitus.
1296 3789 1398 3857 quippe

291 3858 343 3911 iarn
361 3858 423 3910 inde
441 3876 456 3911 a
474 3861 587 3927 pueritia
605 3862 631 3913 in
650 3861 744 3913 morbis
763 3872 790 3915 et
807 3881 898 3931 magno
916 3872 984 3913 metu
1002 3861 1143 3927 educatae,
1167 3862 1236 3913 uncis
1254 3858 1397 3927 sisnpiicio·

292 3944 346 3982 reru
359 3937 385 3979 et
398 3928 607 3982 dissolutioribus
624 3932 740 3984 moribus
758 3948 786 3984 se
804 3950 862 3984 esse
879 3932 996 3999 fingebat
1013 3946 1088 3998 quarn
1106 3949 1136 3984 re
1154 3948 1218 3982 reru
1235 3936 1295 3982 erat
1312 3928 1397 3997 (quod

292 3996 396 4065 etipse
414 3997 549 4051 insenatu
571 4003 707 4053 confessus
726 4005 799 4065 cst),
826 4017 881 4052 cunr
901 4002 982 4053 vitam
1007 4000 1085 4067 longo
1111 4010 1229 4068 tompore
1254 4015 1311 4051 curu
1334 3998 1421 4050 avie:

290 4066 371 4120 Liria
389 4076 416 4118 et
432 4068 547 4120 Antonia
564 4078 646 4121 snatre
664 4088 695 4123 ac
711 4071 813 4123 libertis
830 4072 944 4139 egisset,
973 4068 1036 4121 nihii
1062 4068 1176 4137 ingenuo
1203 4070 1309 4137 dignum
1333 4084 1397 4137 pras

292 4155 322 4189 se
340 4137 451 4189 ferebat.
486 4145 548 4190 sunt
564 4138 588 4190 ei
606 4147 633 4192 et
649 4140 768 4193 mutieres
787 4146 814 4190 ct
834 4138 924 4193 liberti
946 4140 973 4191 in
997 4140 1234 4209 compotationibus
1253 4148 1280 4191 et
1296 4154 1326 4189 re
1344 4138 1397 4186 Ve-

293 4222 373 4259 neres
397 4206 529 4275 insidiati,
555 4210 650 4277 quibus
673 4209 793 4276 utrisque
817 4209 909 4261 sotiari
933 4225 982 4261 uon
1007 4216 1121 4277 poterat.
1156 4208 1190 4261 ad
1208 4208 1273 4260 hsce
1291 4206 1396 4259 timidus

294 4274 356 4328 tuit.
391 4278 509 4345 quanvis
535 4286 623 4332 autern
646 4281 691 4347 (ut
714 4295 769 4331 rear
794 4280 883 4350 paucis
907 4278 1077 4346 complectar)
1106 4278 1167 4331 talis
1194 4285 1280 4345 esset,
1309 4284 1396 4329 nmen

295 4344 377 4398 stulta
400 4355 548 4418 opportune
566 4349 646 4418 iecit,
671 4348 777 4418 quotics
802 4348 875 4403 vitiis
899 4348 957 4403 istis
983 4348 1092 4403 evitetis
1116 4346 1158 4402 sui
1183 4346 1250 4401 iuris
1276 4345 1336 4399 fuit.
1369 4344 1398 4397 in
