3134 4909
490 418 493 426 ,
537 326 911 397 ιαοιωιιιιοπιι
1232 328 1280 403 er

167 504 223 584 σης
245 499 276 577 ἐς
293 498 350 576 τὰς
376 500 596 583 τῶνπολίμων
615 504 670 567 ,καλ
689 508 751 569 τῶν
770 499 908 569 στόσεων
921 501 1130 589 περιστάσεις,
1155 503 1187 581 ἐν
1202 502 1286 595 δι’λλιρ

167 600 282 688 ταότην
304 598 431 686 ὀνόματι
449 606 574 671 ellone.
625 598 663 689 ἦν
684 608 741 689 μὲν
761 598 834 686 σόν,
859 602 902 684 ὥς
915 606 1049 693 εἴρηται,
1074 603 1285 695 ᾖδικτατορία

170 706 251 775 rard
262 732 296 792 γε
310 706 366 790 τὴν
379 708 518 785 ἐξουσίαν
530 715 569 796 τῇ
581 712 723 801 βασιλείᾳ
737 708 902 796 ἐσόρροιιος
908 758 920 789 ,
946 708 1026 794 πλὴν
1040 708 1087 777 ότι
1099 710 1144 796 μὴ
1157 711 1211 799 ἐφ’
1230 715 1285 777 ’ότ-

171 836 231 877 πον
252 811 400 894 ἀναβῆναι
423 806 440 877 ό
461 809 612 900 δικτάτωρ
627 810 760 897 ἦδόνατο
775 812 859 897 εἰμὴ
875 810 1133 901 ἐκοτροτεόεσδαι
1152 814 1285 899 ἐμελλεν,

146 912 242 983 todire
261 915 294 978 ἐκ
312 920 373 979 τῶν
394 916 549 999 δημοσίων
565 914 733 1001 χρημάτων
754 918 916 990 ἀναλῶσαί
945 942 975 986 τι
998 919 1069 1003 ἐξῆν
1090 918 1177 1007 αὐτῷ
1193 920 1221 985 εἰ
1239 921 1284 1005 μὴ

171 1019 352 1105 ἐψηφίσθη·
375 1016 505 1099 δικάζειν
527 1021 560 1085 δέ
578 1023 630 1085 καὶ
644 1020 829 1087 ἀποκτείνειν
846 1023 898 1085 καὶ
912 1020 990 1087 οόιοι
1003 1024 1054 1087 καὶ
1066 1022 1099 1087 ἐν
1112 1027 1285 1107 στρατείαις

169 1119 303 1207 ηδόνατο
311 1169 322 1199 ,
347 1124 398 1186 καὶ
417 1112 454 1186 οὗ
473 1122 544 1199 τοδς
563 1130 619 1189 τοῦ
636 1121 739 1208 δήμου
758 1122 873 1206 μόνους
891 1122 970 1189 ἀλλὰ
985 1128 1035 1191 καὶ
1049 1126 1083 1190 ἐκ
1095 1129 1157 1193 τῶν
1171 1126 1285 1194 innitor

171 1228 223 1291 καλ
235 1227 267 1301 ἐξ
280 1223 375 1307 αὐτῆς
386 1231 440 1307 τῆς
452 1232 576 1309 βουλῆς.
627 1230 677 1291 καὶ
691 1225 762 1293 oiir'
779 1228 937 1312 ἐγκσλέσαι
951 1255 998 1305 τις
1011 1229 1096 1318 αὐτῷ
1107 1228 1178 1296 οότ’
1194 1231 1281 1296 ἐναν-
1299 1242 1323 1295 c

171 1330 236 1393 τίον
249 1352 278 1391 τι
296 1324 528 1415 διαπράξασθαι
543 1328 644 1411 ἰσχυεν
652 1377 663 1408 ,
690 1330 761 1395 οὐδὲ
773 1331 803 1395 oi
817 1330 990 1417 δήμαρχοι,
1016 1331 1085 1399 οὔτε
1097 1335 1166 1418 δίκη
1181 1333 1284 1421 ἐφέσι-

130 1447 232 1515 1ομος
250 1430 364 1515 ἐγίνετο
385 1428 443 1495 ἀπ’
470 1430 575 1499 αὐτοῦ.
636 1432 691 1519 calx
714 1434 763 1499 ἐπὶ
785 1435 876 1499 πλέον
897 1436 931 1499 δι’
953 1440 1014 1500 τῶν
1033 1433 1067 1513 ἐξ
1076 1444 1183 1520 μηνῶν
1196 1434 1216 1519 ἦ
1229 1443 1285 1521 τῆς

172 1536 366 1621 δικτατορίας
379 1533 459 1621 ἀρχὴ
475 1535 674 1620 παρετείνετο,
690 1538 743 1601 λ’να
755 1532 801 1619 μή
815 1562 862 1613 τις
873 1536 974 1603 αὐτῶν
986 1539 1018 1602 ἐν
1031 1537 1169 1627 τοσοότω
1182 1537 1284 1625 κρότει

71 1710 75 1715 ,
169 1641 221 1705 καὶ
235 1639 357 1728 ἐξουσία
376 1635 501 1727 ἀκράτῳ
509 1640 656 1724 χρονίσας
668 1636 887 1729 ὖιιερφρονήσῃ
901 1642 952 1705 καὶ
967 1640 1045 1728 πρὸς
1057 1638 1156 1727 ἐρωτα
1167 1666 1284 1729 μοναρ-

164 1744 239 1827 χίας
255 1743 433 1829 ἐκκυλισθῇ.
485 1740 558 1829 ὅπερ
578 1744 609 1819 ἐς
628 1742 755 1830 ὕστερον
774 1746 825 1808 καὶ
845 1739 862 1809 ό
882 1745 1008 1829 Καῖσαρ
1018 1740 1146 1823 Ἰοόλιος
1156 1743 1283 1825 ἕκαθεν,

170 1847 233 1913 ἐπεί
247 1844 333 1929 παρὰ
345 1843 385 1911 τό
398 1846 597 1928 νενομισμένα
609 1852 664 1928 τῆς
676 1847 870 1934 δικτατορίας
878 1846 998 1930 η’ξίωτο.

128 1970 163 2025 15
274 1948 326 2012 14.
380 1946 459 2014 Τότε
477 1950 534 2033 μὲν
554 1940 608 2015 odo
627 1947 806 2037 δικτάτορος
825 1951 984 2035 γενομένου
998 1951 1144 2039 Λαρκίου
1164 1947 1283 2015 οόδένό

171 2054 269 2136 δῆμος
285 2051 482 2139 ἐνεωτέρισεν,
502 2052 646 2117 ἀλλὰκαὶ
663 2056 695 2119 ἐν
708 2062 772 2130 τοῖς
786 2050 891 2131 ὅπλοις
902 2055 1047 2138 ἐγίνοντο.
1085 2059 1147 2120 τῶν
1159 2054 1193 2118 δέ
1205 2056 1282 2120 Λα·
1315 2084 1320 2100 ·

169 2158 259 2222 τίνων
270 2151 399 2239 ἡσυχίαν
411 2153 546 2241 ἀγόντων
559 2157 606 2221 ἐπὶ
620 2156 790 2241 συνθήκαις
796 2205 807 2235 ‚
830 2157 859 2221 oi
871 2160 1026 2223 δανεισταὶ
1039 2156 1110 2235 rode
1123 2156 1283 2245 όφειλέτας
1297 2174 1323 2228 1)

168 2262 401 2347 μετεχειρίζοντο
422 2256 609 2345 βιαιότερον,
644 2263 694 2325 καὶ
709 2257 725 2325 ό
740 2264 838 2344 δῆμος
850 2252 945 2337 αὖθις
955 2262 1112 2339 ἐστασίαζε
1126 2261 1178 2325 διδ
1192 2268 1282 2326 τοῦτο

170 2362 248 2429 ὥστε
269 2366 320 2427 καὶ
343 2365 386 2440 εές
409 2363 444 2429 τὸ
466 2366 624 2450 ουνέδριον
643 2367 844 2449 συνδραμεῖν·
880 2366 932 2429 καὶ
955 2360 1066 2440 κιόντες
1086 2361 1125 2427 όν
1143 2360 1202 2427 διεδ
1222 2369 1283 2429 τεόν
1377 2394 1379 2397 ’

127 2466 164 2537 uo
173 2464 370 2533 εἰσπεσόντων
384 2467 416 2530 ἐν
431 2467 516 2554 αὐτῷ
530 2464 746 2555 διεφθάρησαν
753 2516 763 2545 ,
790 2470 816 2531 εί
827 2464 872 2548 μή
891 2491 970 2543 τινες
982 2466 1055 2543 τοὺς
1069 2462 1284 2545 Οὐολούσκους

239 2662 257 2715 2
272 2654 324 2730 μὲν
342 2676 382 2713 orn
399 2660 433 2713 A.
556 2658 720 2731 δικτατορία
736 2663 774 2729 λ,
793 2667 823 2715 et
839 2660 879 2715 ric
896 2660 1012 2732 ubique;
1027 2660 1208 2730 Αικτοιτσρίοι
1222 2661 1282 2716 Pw

240 2730 285 2784 laic
303 2738 332 2784 et
347 2730 417 2783 intra
435 2727 586 2799 aliquoties.
716 2728 734 2784 δ
752 2730 789 2799 τῆ
804 2724 915 2795 ἐξουσία
932 2730 965 2786 C.
1098 2732 1115 2788 6
1132 2726 1183 2801 δλ]
1200 2726 1232 2786 al
1248 2733 1283 2786 A.

240 2801 276 2853 10
299 2794 405 2867 ἐγίνετο
429 2798 487 2853 AB.
633 2800 665 2853 11
688 2800 867 2867 nepotalem
891 2799 962 2853 ABG
1005 2801 1191 2868 καρετείνατο
1212 2801 1283 2859 PW.

237 2864 496 2993 lgilll'lwmllll
508 2871 542 2940 A,
561 2864 768 2939 δπερφρονήσει
784 2870 854 2924 PW.
967 2840 1002 2923 ll)
1019 2866 1207 2933 οόολοόοκους
1222 2871 1280 2937 AC,

287 2956 302 2993 o
321 2956 420 3000 οσκουε
498 2976 505 2991 .

271 3079 401 3133 Fonuae.
444 3076 512 3146 cop.
530 3078 574 3132 14.
609 3075 707 3130 Dione
730 3075 868 3131 llietorioe
884 3076 1025 3129 Romanoa
1048 3073 1111 3127 libri
1133 3072 1283 3145 dqerditi:

238 3152 367 3217 excerpto
389 3144 525 3200 Vaticano
542 3146 628 3202 121³
643 3164 673 3216 p.
692 3146 743 3203 143
760 3162 803 3215 eq.

168 3328 214 3374 tue
231 3318 368 3389 praeditae
387 3322 553 3401 expeterent,
573 3316 655 3370 verbo
672 3316 773 3369 reiecto
791 3331 846 3368 rem
862 3286 947 3385 ipedu
964 3315 1013 3370 eub
1031 3314 1085 3369 alio
1101 3314 1205 3369 nornine
1220 3320 1285 3369 eunt

168 3390 293 3459 amplexi.
326 3386 378 3441 tuit
400 3386 497 3455 igitur,
524 3394 556 3441 ut
573 3386 638 3455 dixi,
656 3384 788 3439 dictatura
810 3392 947 3455 potestate
965 3400 1134 3469 κερτομεῖς
1158 3391 1282 3455 praeter·

167 3474 247 3529 quam
264 3458 332 3529 quod
351 3456 477 3509 dictatori
493 3473 587 3527 equuru
606 3456 780 3511 conscendere
798 3470 852 3506 oon
867 3453 964 3509 licebat
981 3456 1033 3509 arai
1050 3454 1084 3506 ad
1096 3454 1191 3507 bellum
1202 3454 1283 3523 ituro,

167 3544 256 3596 neque
282 3526 349 3579 ulloe
371 3543 404 3578 ex
427 3524 533 3579 aerario
554 3542 610 3578 eura
630 3534 672 3579 tue
690 3526 778 3579 lacere
795 3524 855 3577 aine
871 3524 988 3577 decreto.
1024 3522 1071 3577 aed
1088 3522 1129 3575 ina
1146 3524 1237 3577 dicere
1254 3530 1283 3577 et

168 3599 257 3667 capite
279 3596 396 3666 plectere
421 3594 490 3648 dorni
518 3601 545 3648 ct
562 3594 671 3648 milrtiae
688 3612 740 3647 non
757 3593 876 3664 plebeios
893 3594 1022 3647 duntaxat
1038 3591 1087 3645 aed
1104 3598 1132 3644 et
1142 3591 1283 3662 ¹equestria

167 3675 197 3720 et
213 3664 340 3719 senatorii
360 3663 459 3717 ordinis
476 3662 567 3731 licuit,
592 3662 695 3717 nemine
715 3670 773 3717 em
791 3664 833 3716 rel
849 3680 976 3716 accueare
995 3660 1038 3714 rel
1053 3662 1218 3715 intercedere
1235 3679 1283 3715 au·

167 3734 262 3804 dente,
286 3750 318 3787 ao
334 3750 367 3785 ne
385 3734 450 3803 ipaie
467 3734 570 3804 quiden
587 3732 701 3788 tribunis
717 3732 819 3805 plebiae
841 3748 929 3801 neque
946 3733 981 3785 ab
1000 3749 1031 3784 eo
1047 3731 1201 3802 provocatio
1218 3731 1281 3786 fuit.

167 3804 300 3858 dictatura
318 3809 404 3855 tamen
421 3800 489 3857 ultra
507 3818 555 3857 aex
572 3819 675 3857 menaea
692 3820 745 3856 non
763 3800 964 3867 extendebatur,
983 3807 1013 3855 ut
1030 3818 1064 3854 ue
1078 3800 1141 3869 tpuie
1160 3800 1188 3853 iu
1204 3807 1282 3854 tanta

167 3880 301 3946 potestate
319 3879 350 3933 et
365 3873 524 3927 auctoritate
541 3872 652 3925 maxima
670 3872 770 3926 diutine
787 3872 937 3924 immoratae
972 3887 1003 3922 er
1019 3886 1051 3923 en
1071 3868 1168 3923 erbiam
1184 3868 1213 3921 in
1227 3888 1282 3923 rno-

166 3944 291 3997 nerchiae
312 3940 485 4010 cupiditatem
509 3940 695 3997 delaberetur:
722 3941 749 3995 id
773 3940 846 4010 quod
868 3946 932 4011 poet
952 3888 1026 3992 lolio
1044 3888 1157 3993 damari
1174 3939 1282 4007 accidit,

165 4012 324 4067 dictaturam
339 4017 432 4063 centn
448 4028 547 4066 morem
563 4011 688 4065 maiorum
705 4016 857 4063 consecuto.

272 4080 316 4133 ll.
352 4078 430 4133 Tunc
450 4079 534 4151 igitur
552 4080 644 4135 Lartio
662 4080 794 4134 dictatore
813 4081 903 4131 creato
919 4076 1032 4146 populue
1049 4090 1175 4130 novarum
1192 4089 1281 4127 rerum

166 4149 254 4204 etudio
269 4148 411 4221 repudiato
429 4148 456 4202 in
476 4150 554 4204 unia
573 4149 633 4204 fuit.
669 4148 716 4203 aed
733 4148 830 4203 Latino
841 4146 910 4202 bello
922 4144 1091 4216 pactionibue
1106 4142 1204 4214 eopito,
1222 4158 1281 4195 curu

165 4218 311 4273 creditores
335 4219 443 4273 uomina
466 4234 514 4273 aua
536 4218 678 4273 violentiae
695 4222 859 4285 ακοντισαι,
876 4222 953 4268 tauta
970 4212 1057 4284 plebia
1075 4218 1135 4267 orta
1153 4220 1193 4265 eet
1211 4209 1282 4293 indi·

162 4289 266 4357 goario,
285 4295 315 4341 ut
330 4287 359 4342 in
376 4289 475 4343 curiam
493 4304 635 4343 concursus
652 4288 744 4353 fieren
767 4294 848 4357 atque
863 4282 891 4338 in
908 4301 940 4337 eo
958 4283 1070 4337 tumultu
1086 4289 1177 4352 patrea
1200 4278 1281 4333 occat

165 4363 274 4425 creent,
302 4356 353 4411 αἰεὶ
380 4358 486 4431 quidam
511 4357 676 4414 nuntiaaaeat
693 4356 805 4411 Volecoe
821 4354 920 4411 iufeeto
940 4353 1057 4407 exercitu
1074 4350 1110 4403 ad
1124 4349 1215 4403 urbem
1233 4367 1280 4420 op-
