3134 4909
276 307 351 380 284
632 308 805 378 loslulls
831 309 1028 377 ZONARAE

233 481 476 553 ΒΜασινίσσας
493 477 597 556 αδτοῖς
613 478 823 565 ἐπικούρησιν.
874 479 910 545 οὐ
935 480 993 567 γὰρ
1017 481 1048 544 ἐν
1072 478 1155 565 ἀρχῇ
1179 485 1234 543 τοῦ
1252 481 1386 562 πολέμου

273 582 492 669 προσεκίκλητο
500 628 510 659 ,
535 584 586 647 καλ
605 582 682 669 πρδς
698 583 750 649 τὸν
764 580 955 669 Ἀσδρούβαν
972 580 1040 649 τότε
1058 579 1292 666 διαπολεμήρειν
1307 582 1385 649 ino-

273 686 413 771 σχομένῳ
431 684 487 750 οὐκ
506 686 685 771 ἐπίτρεψαν.

377 788 429 854 27·
485 788 523 851 Oi
542 790 574 853 δ’
593 787 721 865 linceos,
748 783 801 850 διό
823 812 855 852 τε
879 786 916 851 τὰ
941 782 1103 867 συμβάντα
1126 788 1176 851 καί
1195 786 1241 852 ὅτι
1258 788 1294 851 sd
1312 815 1385 852 ναυ-

275 890 359 956 τικδν
380 889 482 958 αὐτῶν
506 891 539 955 ἐκ
563 898 618 974 τῆς
635 894 668 957 ἐν
684 897 723 977 τῇ
739 892 829 975 λίμνῃ
848 890 1008 973 διατριβῆς
1026 887 1177 973 ἐνόσησεν,
1203 889 1317 955 ἔλυσαν
1332 892 1411 975 cius

275 995 461 1078 πολιορκίαν.
513 997 565 1059 καλ
588 993 735 1076 Μάρκιος
763 994 820 1073 μέν
850 990 1043 1076 ἐπιχειρήσας
1066 994 1145 1057 κατὰ
1169 989 1336 1059 θάλασσάν
1359 1022 1389 1059 τι

231 1174 242 1195 ·
274 1102 391 1183 πρᾶξαι
412 1094 433 1179 ή
459 1096 515 1179 τήν
539 1100 693 1182 παραλίαν
717 1101 873 1172 κακῶσαι,
899 1092 941 1170 ὡς
965 1094 1053 1160 οὐδὲν
1078 1095 1177 1179 ήνυεν,
1203 1084 1389 1161 ἀπίπλευσεν

277 1200 397 1265 οἴκαδε·
424 1201 476 1263 καλ
502 1199 764 1285 ἀνθυποστρίψας
789 1202 981 1283 Αίγίμουρον
1006 1196 1207 1283 ἐχειρώσατο·
1234 1192 1388 1275 Μανίλιος

275 1304 310 1367 δέ
326 1302 451 1385 ὥρμησε
468 1303 524 1383 μέν
541 1304 585 1377 είς
600 1304 657 1386 τήν
673 1300 841 1385 μεσόγειον,
867 1298 1052 1383 κακούμενος
1075 1302 1109 1365 δ’
1135 1299 1194 1367 sind
1215 1298 1390 1383 Ἶμίλκωνος

238 1415 261 1467 0
278 1410 333 1471 τοῦ
349 1411 411 1469 τῶν
428 1406 647 1491 Καρχηδονίων
664 1403 818 1490 ἱππάρχου
826 1452 837 1483 ,
867 1404 902 1469 δν
920 1408 972 1469 καὶ
992 1406 1122 1485 Φαμίαν
1139 1403 1277 1484 ἐκόλουν,
1310 1406 1430 1489 nodulo

259 1508 331 1590 -τήν
355 1505 543 1594 Καρχηδόνα
566 1507 782 1592 ἐπανελήλυθε.
834 1508 923 1572 κάκεῖ
945 1508 980 1570 δὲ
1005 1506 1125 1584 ἔξωθεν
1149 1505 1165 1573 ὃ
1187 1505 1390 1591 Ἀσδρούβας,

275 1609 403 1677 ἴνδοθεν
427 1613 459 1677 δ’
486 1609 651 1689 ἐπεξιόντες
668 1612 697 1676 oi
714 1614 746 1675 ἐν
764 1618 802 1696 τῇ
820 1608 920 1686 αόλει,
947 1612 997 1673 καλ
1015 1609 1134 1695 νύκτωρ
1150 1612 1201 1675 καί
1217 1611 1294 1693 μεθ’
1313 1608 1389 1695 ἡμί-

277 1740 335 1800 ραν
361 1714 454 1780 αὐτὸν
479 1712 618 1778 ἐκόκουν.
670 1711 957 1797 καταφρονήσαντες
982 1705 1036 1777 οὖν
1059 1713 1088 1777 οἵ
1105 1712 1313 1798 Καρχηδόνιοι
1339 1717 1389 1777 καλ

275 1817 367 1901 με’χρι
383 1822 437 1879 τοῦ
455 1817 661 1900 στρατοπέδου
679 1818 781 1881 αὐτῶν
797 1817 944 1899 ἐπῆλθον,
968 1819 1018 1880 καί
1037 1817 1166 1899 συχνοὺς
1183 1814 1391 1899 ἀποβαλόντες

238 1932 241 1936 ’
277 1918 400 2000 (ἄοπλοι
416 1916 476 2002 γὰρ
494 1918 523 1981 oi
540 1921 661 1996 πλείους
675 1910 767 2002 ἦσαν)
785 1922 828 1996 τίς
844 1918 879 1984 τδ
897 1929 995 2001 τεῖχος
1012 1910 1106 1997 αὖθις
1120 1922 1388 2003 συνεκλείσθησαν.
1397 1938 1430 1991 15

276 2018 293 2085 ὃ
319 2021 352 2084 δέ
369 2022 525 2097 Μανίλιος
548 2028 593 2109 τῷ
611 2021 787 2111 Ἀσδροόβρ
808 2028 962 2104 συμμῖξαι
986 2020 1121 2104 μάλιστα
1146 2025 1256 2103 είλετο,
1289 2027 1339 2087 καί
1365 2026 1390 2088 el

275 2125 387 2188 ἐκεῖνον
403 2121 517 2206 νικήσει
533 2123 609 2214 ῥᾷον
624 2133 688 2201 τοῖς
704 2131 820 2202 λοιποῖς
837 2124 1099 2213 προσπολεμήσειν
1115 2124 1240 2208 ἐνόμιζε.
1292 2130 1346 2191 καί
1360 2126 1389 2190 oi

252 2220 456 2310 προσέμιξε·
491 2228 568 2313 πρὸς
595 2229 629 2292 δί
654 2254 682 2293 τι
710 2225 860 2314 φροόριον
887 2228 1098 2314 ἀναχωροῦντι
1123 2227 1386 2310 ἐπακολουθήσας,

233 2338 258 2392 D
277 2328 390 2395 ἔλαθεν
412 2329 484 2397 τίσω
503 2328 611 2418 χώρας
628 2334 770 2417 τραχείας
787 2335 838 2397 καὶ
856 2330 1039 2418 στενοπόρου
1056 2329 1231 2416 γενόμενος,
1256 2333 1306 2395 καὶ
1323 2334 1387 2396 δει-

276 2440 336 2511 νῶς
359 2431 514 2516 ἐκακώθη.
566 2436 617 2499 καὶ
635 2437 767 2500 πανσυδὶ
787 2434 825 2499 δν
842 2432 1018 2521 cicendelum,
1045 2436 1130 2518 εἷ’μή
1148 2437 1282 2499 Σκιπίων
1299 2431 1315 2498 ὃ
1333 2440 1388 2501 τοῦ
1394 2445 1433 2504 20

345 2604 546 2676 λπολεμήσειν
562 2612 603 2677 Α,
627 2608 839 2678 διαπολεμήσας
854 2610 887 2663 Β.
992 2604 1124 2673 bardenie
1140 2612 1196 2665 ΑΒ.
1301 2601 1389 2679 837(-

344 2694 451 2744 ρρυρον
469 2680 502 2735 Α.
607 2674 671 2740 θές
688 2681 722 2755 (λ.
838 2682 873 2733 10
889 2675 1004 2746 oeneus
1020 2680 1066 2733 ΑΒ
1085 2689 1112 2735 et
1128 2681 1258 2751 Ducnngii
1277 2681 1389 2749 codices,

345 2746 575 2871 ιρριμέριιχωῦαηαί
598 2742 838 2885 αοι13φρρινίριυοχ,
845 2744 1052 2871 ἜρήέρινΑΡἮ.
1099 2752 1220 2823 Appiano
1252 2750 1389 2818 Φαμαίας.

380 2919 510 2974 Fortuna.
548 2919 614 2987 Cep.
631 2918 676 2974 27.
714 2917 811 2971 Dionis
834 2916 971 2972 Historiae
997 2920 1137 2973 Romanos
1158 2920 1220 2973 libri
1242 2919 1391 2989 deperditis

348 2994 505 3055 εαοετρτατι
527 2988 724 3041 Ροίνειοίαπυι
742 2986 790 3049 λίς
816 2992 1008 3056 fragmentum
1025 2990 1087 3041 libri
1104 2988 1137 3043 il
1156 2988 1233 3058 opud
1288 3004 1390 3043 aaran·

346 3054 430 3111 liossst
447 3052 513 3124 ττερλ
528 3054 684 3121 συντάξεως
699 3058 729 3111 isa
746 3056 821 3112 laum.
841 3056 955 3109 Bclrlceri
973 3059 1074 3113 Λακαί.
1089 3076 1122 3128 p.
1141 3061 1192 3113 124
1208 3076 1235 3112 ο.
1271 3096 1280 3111 .

278 3214 337 3284 tur,
360 3225 446 3279 nsque
468 3207 574 3264 auxiliis
592 3208 733 3263 Masinissa
752 3210 877 3263 iuvabalr
906 3226 964 3264 nam
985 3210 1073 3282 princi
1092 3212 1119 3264 io
1141 3212 1204 3265 belli
1228 3227 1281 3263 non
1306 3226 1392 3263 arem-

276 3278 361 3403 iiiii}
375 3295 470 3402 tneque
493 3279 648 3349 permissum
672 3280 699 3333 ei
720 3277 855 3349 pollicenti
875 3280 965 3333 inerat
988 3286 1019 3333 ut
1039 3229 1110 3334 aeiiu
1132 3280 1323 3333 Hasdrubalem
1346 3280 1392 3333 de·

359 3366 375 3403 ο
388 3386 396 3403 Ι

380 3416 425 3473 nl.
461 3415 591 3468 Consules
610 3416 703 3483 igitur,
721 3422 832 3486 propter
850 3426 959 3469 eventus
978 3418 1037 3471 illos
1056 3422 1083 3469 et
1101 3417 1209 3469 classem
1226 3435 1260 3471 ex
1277 3417 1391 3470 statione

276 3487 305 3540 in
322 3487 462 3557 paludibus
479 3487 569 3539 morbo
588 3484 759 3552 laborantem,
779 3486 941 3539 obsidionem
960 3487 1105 3539 solverunt.
1143 3501 1174 3537 ac
1192 3485 1310 3539 Marcius
1327 3484 1391 3538 marl

276 3555 376 3623 aliquid
400 3557 509 3608 allicere
533 3570 676 3623 aggressus
702 3561 750 3607 ant
773 3572 844 3609 oram
871 3556 1025 3609 maritimam
1048 3571 1162 3619 vexare,
1188 3570 1245 3607 cum
1271 3571 1315 3607 res
1338 3570 1389 3605 nou

277 3624 441 3689 succederet,
457 3624 560 3675 domurn
578 3641 671 3676 versus
688 3624 773 3689 abiit,
790 3639 922 3693 cursuque
940 3641 1068 3677 conuerso
1086 3623 1255 3691 Aegimurum
1275 3622 1389 3689 subegit.

277 3691 402 3745 Manilius
419 3692 447 3743 iu
464 3693 656 3745 mediterranea
674 3694 824 3762 profectus,
847 3710 904 3747 eum
925 3694 958 3745 ab
976 3694 1139 3759 Himilcone,
1158 3693 1205 3760 qui
1226 3693 1303 3745 etiam
1320 3690 1392 3744 Plia-

276 3777 349 3813 meaa
367 3759 529 3827 dicabatur,¹
546 3762 776 3831 Carthaginiensis
797 3763 930 3831 equitatus
954 3763 1090 3831 praelecto
1108 3764 1296 3827 lacesseretur,
1322 3761 1390 3811 Car-

277 3828 411 3896 thaginem
427 3827 516 3881 rediit.
552 3831 600 3883 ssd
624 3832 662 3883 ibi
686 3848 792 3900 quoque
818 3832 882 3884 loris
905 3833 939 3885 ab
956 3831 1140 3895 Hasdrubale,
1164 3830 1236 3883 intus
1254 3828 1391 3897 eruptione

277 3897 391 3963 civium,
413 3905 495 3949 noctu
512 3903 540 3949 et
556 3898 672 3952 interdiu
688 3901 860 3967 fatigabatur.
895 3901 988 3967 itaque
1007 3900 1244 3968 Carthaginienses
1263 3914 1310 3967 per
1328 3913 1392 3949 een-

276 3973 405 4035 temptnm
422 3980 506 4034 usque
523 3966 557 4017 nd
574 3978 661 4021 castra
678 3976 880 4037 processerunte
906 3986 937 4022 ae
955 3968 1043 4023 multis
1061 3969 1164 4022 emissis
1182 3970 1255 4036 (nnn
1273 3966 1392 4035 plerique

276 4038 391 4090 inermes
407 4035 498 4101 erant)
514 4051 607 4089 rursus
618 4038 645 4089 in
658 4038 835 4091 nocuissent
846 4037 970 4093 conclusi.
1006 4037 1131 4091 Manilius
1143 4054 1219 4104 vero,
1238 4038 1262 4089 si
1272 4036 1393 4089 Hasdru·

278 4106 364 4159 balem
381 4103 500 4168 vicisset,
519 4113 626 4159 caetera
643 4106 670 4157 in
687 4106 802 4175 procliui
820 4107 878 4159 iore
895 4114 977 4171 ratus,
995 4106 1022 4160 in
1041 4107 1132 4175 primis
1150 4123 1257 4177 operam
1274 4104 1346 4157 dedit
1364 4108 1392 4155 ut

278 4192 337 4228 cura
354 4191 387 4226 eo
405 4172 619 4241 congrederetur,
637 4176 762 4243 iactaque
777 4175 911 4244 pugnandi
928 4175 1013 4244 eopia,
1031 4178 1199 4235 recedentem
1216 4175 1244 4227 in
1258 4173 1393 4225 castellum

299 4244 409 4296 uoddsm
427 4252 623 4312 persecuturus,
641 4261 690 4313 per
706 4243 910 4311 inprudentiam
926 4244 953 4295 in
971 4245 1054 4297 locum
1070 4262 1192 4316 asperum
1210 4250 1239 4297 et
1255 4247 1393 4311 augasma

279 4260 403 4382 δολιριαε
426 4311 546 4382 guaviter
570 4312 690 4383 impegit.
726 4328 759 4366 ee
784 4328 844 4367 eum
865 4320 923 4367 toto
946 4314 1065 4368 exercitu
1089 4314 1231 4385 perimet,
1257 4312 1286 4365 ni
1303 4306 1395 4378 Scipio
