3134 4909
546 316 914 403 mittundum.
1211 340 1285 410 τοι

176 503 352 585 ἀναζεύξας,
370 507 421 568 καὶ
439 505 536 582 ζῶντα
551 504 606 570 τδν
621 507 818 589 Πτολεμαῖον
834 505 958 588 audoin,
985 515 1039 592 τῆς
1055 511 1110 593 μέν
1123 508 1284 592 Αἰγύπτου

175 609 333 691 ἀπέσχετο,
351 603 588 694 ἐπιχειρήσαςδ
608 607 639 686 ές
656 605 786 697 Κάπρον
802 615 930 678 πλεῦσαι
941 609 1080 677 έπταισεν
1095 609 1155 678 ἀπὸ
1169 621 1286 696 χειμῶ-

173 731 242 792 νος,
271 713 321 774 καί
351 709 452 775 οἴκαδε
478 709 660 797 ἀνεχώρησε.
712 714 763 778 καί
785 713 926 799 πρέσβεις
949 715 978 779 oi
989 713 1134 799 Ῥωμαῖοι
1151 717 1287 793 κάκεῖνος

174 815 406 881 ἀντεπέστελλον
433 812 577 897 ἀλλήλοις
601 814 870 900 ἀντεγκαλοῦντες,
904 814 987 893 ὅπως
1008 816 1163 904 πρόφασίν
1182 827 1287 884 τετοῦ

147 917 309 1000 truteno
329 913 447 998 λάβωσι
472 919 522 982 καί
549 914 632 994 ὅσαις
647 918 687 982 τά
703 918 781 1006 παρ’
802 917 947 1003 ἀλλήλοις
963 908 1286 1006 προκατασκέψωνται.

272 1020 412 1099 Ἀννίβας
438 1020 471 1084 δὲ
494 1019 550 1102 τήν
573 1021 716 1106 μεγίστην
742 1029 804 1088 τῶν
830 1023 916 1108 παρὰ
935 1024 1160 1109 Καρχηδονίοις
1184 1024 1287 1111 ἀρχῶν

175 1120 319 1210 εἰληφώς,
345 1125 395 1186 καί
409 1119 623 1208 προσκροάσας
638 1123 697 1188 ἀπ’
713 1123 810 1208 αδτῆς
821 1136 886 1203 τοῖς
897 1125 1132 1204 δυνατωτάτοις,
1151 1125 1286 1209 ἐμισήθη

173 1251 207 1292 τε
234 1223 293 1290 ἀπ’
315 1225 416 1289 αὐτῶν
441 1227 491 1288 καί
511 1223 589 1310 πρδς
611 1226 683 1302 τοὺς
695 1223 863 1309 Ῥωμαίους
885 1227 1037 1313 διεβλήδη
1061 1226 1104 1306 ὡς
1120 1226 1159 1293 τά
1177 1254 1209 1294 τε
1226 1235 1288 1295 τῶν
1304 1260 1327 1313 p
1344 1263 1428 1322 1450

175 1328 397 1413 Καρχηδονίων
413 1329 594 1412 νεωτερίζων
610 1329 661 1392 καί
683 1333 727 1415 τῷ
747 1327 891 1416 Ἀντιόχῳ
910 1331 1184 1415 κοινολογούμενος.
1237 1334 1289 1396 καὶ

132 1429 289 1515 turraboit
306 1455 390 1506 τινας
406 1429 440 1494 έν
455 1435 511 1513 τῆς
522 1426 642 1512 Ῥώμης
658 1425 830 1517 παράνταςς
860 1435 911 1496 καλ
928 1435 1031 1508 δείσας
1046 1435 1090 1517 μὴ
1109 1439 1288 1520 συλληφθῇ,

175 1535 295 1622 ἀπέδρα
310 1531 419 1608 νυκτὸς
435 1533 468 1596 ἓν
484 1538 541 1615 τῆς
558 1530 768 1618 Καρχηδόνος.
792 1535 843 1597 aui
861 1531 937 1619 πρδς
953 1534 1006 1600 τδν
1020 1536 1170 1618 Ἀντίοχον
1187 1537 1289 1601 ἐλθὼν

174 1635 273 1726 ἑαυτῷ
296 1659 327 1702 τε
354 1634 412 1718 τήν
437 1637 478 1711 είς
501 1634 558 1717 τήν
581 1637 715 1720 πατρίδα
732 1633 873 1700 κάθοδον
890 1638 941 1700 καλ
958 1637 1012 1702 τὸν
1028 1638 1105 1723 πρδς
1121 1638 1194 1713 τοάς
1206 1634 1286 1703 Ῥω-

174 1742 286 1824 μαίους
311 1737 445 1820 πόλεμον
468 1735 630 1822 ἴπραττεν,
655 1734 896 1821 ὑπισχνούμενος
911 1739 1013 1826 έκείνῳ
1030 1738 1235 1824 περιποιήσειν
1253 1738 1288 1807 τά

176 1867 209 1908 τε
232 1847 288 1925 τῆς
299 1838 450 1914 Ἑλλάδος
466 1837 578 1923 κράτος
600 1842 652 1904 καί
668 1841 704 1905 τδ
721 1846 777 1924 τῆς
790 1840 944 1918 Ἰταλίας·
970 1842 1077 1927 μέχρις
1094 1833 1132 1907 οὗ
1148 1843 1253 1928 σφίσιν
1269 1839 1287 1906 ὃ

135 1957 169 2010 lb
178 1945 313 2010 Σκιπίων
335 1939 352 2008 δ
372 1931 556 2030 Ἀφρικανὸς
580 1943 760 2027 συνεγένετο.
812 1935 901 2021 οὗτος
924 1943 983 2032 γάρ
1007 1944 1154 2028 δικαστής
1177 1947 1208 2020 ές
1231 1945 1287 2027 τήν

176 2047 306 2130 Λιβύην
330 2047 485 2132 πεμφθείς
506 2052 550 2132 ’τῷ
573 2065 604 2110 τε
621 2048 806 2136 ’Μαοινίσσιγ
829 2050 880 2110 καί
900 2057 963 2124 τοῖς
980 2049 1203 2132 Καρχηδονίοις
1218 2049 1288 2132 περὶ

176 2149 257 2236 δρων
273 2156 329 2234 γῆς
346 2149 593 2235 διαφερομενοις,
623 2151 777 2237 μετέωρον
792 2151 849 2234 τήν
865 2149 983 2236 ἔχθραν
1001 2151 1102 2217 αάτολν
1119 2151 1286 2228 κατέλιπεν,
1302 2169 1325 2222 Β

173 2253 220 2317 i'u’
246 2249 389 2334 ἀλλήλοις
414 2276 446 2316 τε
473 2250 667 2337 διαφέροιντο
694 2255 744 2317 καί
768 2255 877 2340 μηδεὶς
899 2253 1001 2318 atron
1027 2254 1080 2316 διά
1109 2252 1165 2330 τήν
1192 2253 1289 2335 κρίσιν

178 2356 259 2420 κατὰ
270 2351 435 2434 Ῥωμαίων
451 2353 610 2438 ὀργίζοιτο.
636 2357 777 2418 ἐντεῦθεν
795 2355 829 2417 δ’
850 2358 892 2430 είς
907 2354 964 2435 τήν
977 2355 1080 2418 Ἀσίαν
1094 2353 1192 2432 διέβη,
1209 2349 1291 2438 λόγῳ

137 2455 237 2537 aonia
254 2452 297 2529 ὡς
312 2451 507 2536 πρεσβεύσων
523 2452 601 2541 πρὸς
617 2454 671 2518 τὸν
684 2453 846 2534 Ἀντίοχον,
871 2454 950 2540 ἔργῳ
968 2455 1002 2517 δέ
1016 2455 1069 2515 ἵνα
1086 2452 1222 2516 κάκεῖνον
1240 2456 1292 2515 καὶ

182 2555 237 2622 vir
248 2555 387 2635 Ἀννίβαν
411 2554 567 2640 ἐπιφανεὶς
591 2551 782 2640 καταπλήξη,
807 2557 857 2619 καί
875 2553 976 2641 πράξῃ
993 2555 1030 2620 τά
1048 2565 1112 2631 τοϊς
1124 2551 1292 2635 Ῥωμαίοις

181 2654 390 2745 συμφίροντα.
442 2655 628 2743 ἀφικομένου
651 2658 682 2720 δ’
704 2647 799 2723 olvat
823 2659 881 2740 οάχ
904 2654 1017 2739 δμοίως
1039 2656 1082 2722 έτι
1100 2654 1291 2742 προοεΐχενδ

176 2759 329 2844 Ἀντίοχος
345 2767 390 2848 τῷ
402 2757 542 2850 livaldo·
568 2756 746 2827 ὑπώπτευσε
763 2760 823 2847 γάρ
846 2757 938 2827 αάτάν
955 2759 1002 2826 δι’
1021 2757 1204 2848 ἀπορρήτων
1220 2758 1291 2843 ὁμι-

248 2939 267 2994 t
285 2931 414 3003 ειεήιιιι
429 2935 546 3001 nucw,
564 2929 703 3005 ειιιμιις
719 2936 750 2992 Ρ.
821 2936 1047 3006 ammaum
1063 2937 1098 2990 n.
1169 2937 1203 2988 uu
1224 2929 1288 2989 ἑοι-

249 3003 300 3060 τδν
316 3001 346 3060 τὲ
365 3005 406 3066 είς
423 2999 475 3072 τήν
490 3021 573 3070 πατρ.
590 3003 624 3061 Α.
730 3005 763 3058 14
781 3000 814 3058 τά
832 3022 875 3058 om
892 3006 925 3058 t.
1031 3003 1063 3059 17
1081 2999 1150 3072 ὅσον
1167 3008 1201 3059 Α.

119 3201 123 3210 ,
182 3156 268 3242 adhue
284 3157 451 3228 superstitem
469 3174 529 3210 eene
545 3173 577 3210 oo
615 3155 732 3226 ovieeet,
754 3157 885 3239 Aegypto·
896 3156 1038 3209 abstinuit:
1061 3153 1091 3204 iu
1107 3151 1226 3236 Cyprum
1242 3169 1291 3205 na-

181 3221 1293 3360 tttttttttttttt,'tiltltlttrtitnltttitttttulit

182 3371 349 3432 quaererent,
366 3369 420 3416 tum
437 3372 468 3416 ut
484 3378 553 3433 quae
570 3363 642 3416 vireu
658 3363 789 3416 adversae
800 3360 885 3430 perti·
897 3367 987 3412 eeeeut
996 3359 1103 3426 utrique
1116 3357 1291 3426 explorarent.

285 3429 416 3484 Hannibal
434 3448 497 3485 varo
517 3447 640 3485 nummum
659 3433 728 3502 apud
746 3428 977 3512 Carthaginienses
994 3426 1175 3493 magistratum
1187 3439 1293 3492 gerens,

183 3511 269 3568 eoque
286 3500 527 3568 potentissimorum
546 3501 640 3554 oinium
658 3500 790 3570 susceptis
807 3497 889 3562 odire,
912 3497 982 3567 apud
998 3495 1131 3546 Romanos
1153 3499 1293 3545 aocuantus

184 3575 245 3634 eet,
269 3575 300 3619 ut
323 3567 368 3636 qui
385 3577 413 3620 et
430 3569 594 3638 carthagine
611 3585 655 3623 rea
672 3585 757 3622 novae
774 3565 911 3619 moliretur
927 3575 954 3617 et
971 3579 1029 3616 cum
1046 3561 1177 3614 Antiocho
1196 3578 1294 3614 arcana

184 3633 296 3691 eonsilie
322 3643 458 3693 metuet.
497 3639 588 3709 itaque
614 3639 722 3708 cognita
749 3635 925 3688 Romanorum
944 3632 1108 3701 'quorundam
1133 3630 1293 3701 praesentia,

184 3706 286 3759 veritur
303 3721 336 3756 ne
345 3706 618 3774 comprehenderetur,
636 3715 715 3760 noctu
729 3705 892 3772 Cartbagine
906 3702 1017 3768 aufugit.
1054 3707 1082 3752 et
1093 3699 1125 3753 ad
1137 3700 1293 3752 Antiochum

218 3773 320 3827 σίτοισι
347 3771 376 3824 id
393 3773 496 3829 molitur
519 3785 561 3830 eat
578 3783 609 3830 ut
632 3785 660 3828 et
676 3775 728 3828 eibi
745 3772 859 3826 reditum
876 3771 905 3823 iu
922 3769 1033 3841 patriam
1052 3777 1079 3821 et
1095 3767 1220 3822 Romania
1238 3768 1294 3820 bel-

193 3857 235 3896 um
259 3842 418 3908 conficeret,
443 3849 471 3896 et
488 3844 616 3898 Graeciae
642 3851 670 3897 et
691 3842 785 3896 ltaliae
803 3839 939 3910 imperium
954 3838 993 3891 iili
1009 3836 1184 3923 pronaittene:
1210 3837 1294 3889 donee

184 3910 433 3981 septentrionum
450 3911 483 3964 ud
501 3929 547 3966 eoa
564 3915 649 3968 venit.
684 3913 708 3965 ii
726 3911 796 3964 onim
813 3909 893 3962 iudex
916 3909 942 3960 in
959 3909 1075 3961 Africam
1092 3907 1186 3959 mieeue
1205 3914 1236 3958 ut
1252 3903 1293 3954 in-

184 3985 228 4033 ter
244 3979 414 4033 Masinissam
442 3988 470 4032 et
492 3981 727 4052 carthaginienses
751 3980 785 4032 de
810 3976 907 4031 flnibua
932 3977 1113 4046 disceptantes
1138 3974 1295 4027 sententium

184 4049 278 4115 ferret,
295 4047 445 4102 inimicitiae
462 4061 552 4104 eorum
567 4051 663 4120 uigere
678 4063 772 4120 puseus
790 4059 838 4116 eet,
856 4054 887 4099 ut
904 4049 933 4098 et
950 4044 1005 4114 ipei
1020 4045 1091 4097 inter
1110 4061 1170 4096 εσσε
1188 4047 1296 4094 conten·

186 4117 296 4188 duent,
323 4123 352 4171 et
378 4113 468 4171 neutri
492 4120 525 4171 ob
546 4116 670 4184 iudicium
694 4118 818 4170 Romania
843 4116 1031 4168 irascerentur.
1068 4111 1130 4164 inde
1155 4112 1182 4162 iu
1205 4108 1295 4161 Asiam

186 4183 310 4254 traldtit‚
333 4195 383 4256 per
405 4186 521 4257 speeiem
544 4187 683 4258 legationis
701 4184 771 4257 apud
790 4183 945 4238 Antiochum
963 4182 1111 4236 obeundae:
1133 4198 1162 4231 re
1181 4193 1244 4229 vera
1261 4192 1304 4227 ea.

186 4251 221 4305 de
239 4269 326 4321 cauae,
344 4262 376 4310 ut
392 4255 544 4326 praesentit
561 4269 608 4309 uua
626 4264 655 4308 et
672 4271 701 4308 re
720 4274 735 4309 e
753 4261 782 4308 et
793 4252 942 4308 Hannibale
953 4251 1054 4304 terriu'a
1072 4267 1105 4302 ee
1123 4253 1216 4313 ageret
1227 4259 1295 4321 quoe
1415 4257 1418 4262 ·

186 4327 277 4374 ment
293 4339 309 4374 e
324 4339 355 4376 re
370 4325 487 4394 publiea.
521 4334 579 4378 uum
590 4325 631 4378 ud
650 4323 690 4378 An
714 4323 806 4378 uoltum
822 4322 1062 4393 pervenientem
1081 4311 1225 4370 Hannibali
1241 4319 1295 4364 uon

238 4405 365 4462 Ζοεισταο
376 4411 496 4466 Annulo·
512 4408 548 4464 11.
1046 4412 1087 4474 17
