3134 4909
287 202 364 271 636
766 192 921 265 NOTAE.

285 372 372 445 bert,
394 368 537 444 quomodo
553 363 713 443 appelletur
733 365 769 422 ab
792 365 934 444 Appiuuo.
968 364 1086 423 Wollius
1100 360 1315 442 Μυοταυοὶμου
1334 365 1396 421 edi-

286 456 386 616 (0¹ng
418 469 504 594 offis
532 466 657 509 errorum
684 450 795 509 viderat
823 450 963 510 Hernicus
985 449 1113 508 Valesius
1145 450 1182 507 ed
1208 448 1318 526 Polybii
1345 469 1395 508 ex-

372 660 401 717 p·
427 638 491 703 289
518 657 545 695 v,
573 638 604 699 9.
643 634 786 713 lanuino]
817 655 901 714 quam
929 636 1110 715 ἱππακρίτος
1135 634 1272 712 Polybius
1300 641 1394 693 vocet.

288 724 353 783 vide
374 723 464 797 fleur.
483 720 627 781 valesium
646 722 684 778 ud
705 720 827 780 Diodori
850 721 938 780 Siculi
961 727 1097 799 excerpta
1116 740 1146 799 p.
1167 716 1218 783 45.
1262 719 1338 781 Duc.

198 836 204 845 ‘
265 829 268 834 ’
372 846 403 904 p.
424 826 486 887 291
505 845 533 881 v.
552 825 583 885 6.
623 822 718 883 malim
742 823 865 904 ὀλίγους
885 820 986 900 ὄντας,
1014 816 1086 885 καθ’
1106 821 1251 897 ἑκάστους
1270 820 1395 903 τρίπουν.

289 912 337 971 W.
359 944 402 953 -
432 904 552 990 ὀλίγους
574 909 648 970 καθ’
671 903 817 985 ἑκάστους
835 904 924 983 ὄντος
943 928 1013 967 mss.
1046 906 1123 968 Duc.

372 1033 403 1091 p.
425 1012 489 1073 296
509 1028 537 1068 v·
557 1012 609 1075 12.
651 1006 775 1093 πυτρός]
800 1012 864 1071 vide
891 1016 991 1072 notate
1012 1008 1049 1071 ab
1069 1009 1196 1069 Henrico
1223 1010 1336 1069 Volusio
1358 1012 1395 1068 ud

289 1102 428 1178 excerpts
445 1092 558 1173 Polybii
577 1115 607 1173 p.
630 1094 682 1161 32.
723 1095 801 1155 Duc.
1307 1131 1315 1145 -

373 1220 403 1278 p·
432 1198 495 1262 297
519 1216 546 1255 v.
564 1194 597 1255 9.
644 1192 688 1258 Tul
707 1194 764 1274 μλυ
792 1188 850 1260 οὖν
878 1196 963 1277 μέχρι
991 1186 1082 1261 τοῦδε
1112 1194 1307 1277 πεπραγμένα
1332 1192 1396 1257 Ῥω-

290 1284 400 1366 μαίοις]
422 1282 530 1340 omisso
551 1287 597 1340 est
617 1280 735 1341 historia
754 1282 819 1341 belli
837 1281 995 1343 Lusituuici
1024 1289 1125 1343 contre
1143 1282 1283 1342 Viriatum
1303 1281 1397 1359 gestiz

288 1374 357 1429 item
375 1366 599 1441 Numantinum,
628 1366 784 1427 Asiaticum
805 1376 905 1427 contra
919 1368 1127 1445 Aristonicum,
1148 1372 1298 1446 praeterea
1318 1365 1397 1424 Allo-

290 1455 447 1531 brogicum,
465 1450 654 1523 Thracicum
672 1453 709 1510 ud
719 1453 791 1512 lmee
809 1452 1005 1530 Iugurthinum
1021 1454 1050 1511 iu
1066 1453 1173 1529 Africa,
1191 1454 1221 1511 in
1235 1452 1317 1513 ltulio
1328 1450 1399 1510 Gul-

289 1542 383 1617 liuque
404 1536 587 1611 Cimbricum,
607 1536 798 1596 Teutonicum
818 1534 1053 1616 Tigurinumque.
1086 1540 1170 1597 deest
1191 1539 1276 1597 etism
1289 1538 1398 1596 descri-

289 1627 350 1702 ptio
370 1621 542 1683 tumultuum
561 1616 761 1681 intestinorum
782 1623 830 1702 qui
846 1622 882 1681 ab
903 1624 967 1682 istis
989 1622 1299 1701 temporibusRomum
1319 1622 1398 1680 lube·

289 1710 483 1781 factaverunt,
509 1711 543 1763 ut
570 1706 675 1765 seditio
697 1706 809 1766 Tiberii
832 1707 956 1767 Gracchi
976 1726 1009 1765 uc
1028 1715 1098 1787 post
1118 1726 1182 1768 eum
1202 1707 1265 1767 Caii
1290 1708 1398 1781 fratris,

290 1793 396 1853 deiude
417 1789 529 1869 Apuleii
545 1791 708 1862 Saturnium
725 1799 786 1851 tum
807 1792 911 1852 bellum
931 1793 1128 1853 Romanorum
1152 1794 1288 1851 adversus
1305 1793 1399 1851 socios

290 1880 339 1955 qui
363 1877 554 1935 desectionem
570 1895 625 1955 per
641 1876 752 1935 ltaliam
769 1877 915 1950 fecerant3
937 1876 1042 1937 bellum
1058 1884 1158 1937 contra
1168 1898 1279 1953 servos,
1301 1883 1400 1935 contre

291 1964 478 2039 Spartacum
505 1978 539 2016 ac
557 1968 708 2035 postremo
729 1960 813 2020 Mar-ii
835 1969 865 2023 et
884 1962 980 2041 Syllae
999 1963 1093 2023 civilia
1113 1962 1205 2039 bellu,
1232 1970 1319 2040 utque
1347 1961 1401 2019 ulia

290 2046 373 2103 aunis
391 2044 502 2102 circiter
523 2044 670 2120 sexaginta
690 2053 783 2119 gestu.
826 2047 871 2109 W.

374 2165 405 2224 p·
426 2144 490 2206 298
511 2160 540 2206 v,
562 2146 591 2207 8.
631 2136 679 2217 Ἐξ
699 2137 795 2222 ἀρχῆς
812 2142 868 2225 nlo
890 2138 959 2227 mlv]
976 2148 1057 2208 addit
1074 2149 1139 2214 cod.
1155 2148 1230 2224 Reg.
1243 2147 1304 2210 606
1316 2148 1400 2227 [nunc

294 2228 388 2306 1768]
407 2226 448 2302 oie
468 2226 503 2291 ίν
518 2231 560 2313 ‘ll
573 2226 707 2313 προτέρᾳ
722 2230 817 2311 βίβλῳ
834 2252 887 2310 μοι
903 2229 1129 2313 προίοτόρηται,
1152 2234 1323 2313 βασιλεῦσιν
1342 2236 1399 2289 etc.

291 2318 339 2375 alli
360 2314 402 2387 ὥς
427 2307 581 2394 ίυυόρητυο
601 2320 712 2373 tontum
731 2316 912 2392 praeferunt,
935 2323 965 2374 ut
982 2318 1124 2377 Wolfisuu
1139 2319 1236 2381 edltio.
1258 2319 1303 2377 hic
1313 2335 1400 2396 porro

291 2403 400 2460 initium
421 2400 500 2543 (ἰυῐρίρ
519 2416 587 2475 pers
606 2400 697 2458 alteru
716 2398 866 2460 Annalium
886 2402 1029 2477 Zonaras,
1049 2406 1081 2462 ut
1100 2403 1322 2463 iuPruefstioue
1339 2420 1401 2460 mo·

296 2504 418 2546 nurmus.
501 2504 527 2544 c.

375 2588 405 2647 p.
424 2564 490 2630 800
510 2584 538 2625 v.
557 2566 588 2629 9.
619 2564 677 2646 τήν
699 2565 843 2650 runcoris]
866 2569 1028 2631 Antistium.

376 2671 406 2731 p·
429 2652 493 2714 303
514 2669 541 2710 v·
564 2653 593 2714 8.
634 2652 705 2715 δυσί
729 2656 918 2737 προτηγοῖς]
939 2656 1084 2716 Herennio
1105 2664 1136 2716 et
1156 2656 1330 2735 Perpennae.

376 2754 406 2813 p.
424 2730 490 2798 304
516 2754 543 2796 v.
569 2740 598 2799 8.
641 2758 685 2799 nu
725 2735 835 2817 τήσοτο
861 2737 894 2802 dl
924 2740 974 2803 nul
1001 2736 1060 2821 solu
1090 2741 1281 2824 στρατηγίου]
1308 2752 1401 2803 utrum

292 2820 526 2880 consulatuum
545 2760 723 2899 imperiunll
736 2823 780 2887 W.
804 2860 845 2870 —
868 2826 989 2885 Wolfius
1008 2828 1167 2904 imperium
1188 2834 1326 2889 verterat:
1353 2846 1400 2884 re-

290 2906 439 2986 posuimus
458 2905 664 2978 consulatum,
686 2926 721 2967 ex
743 2909 777 2967 iis
793 2928 865 2987 quoe
891 2910 1102 2971 observavimus
1129 2913 1165 2970 ad
1187 2911 1236 2971 lib.
1260 2916 1280 2974 7
1300 2932 1327 2971 u.
1350 2914 1399 2974 17.

292 2988 368 3054 Duc.
416 2994 501 3049 immo
522 2998 568 3050 est
589 2993 770 3072 imperatoria
789 2996 924 3071 dignitus.
965 2992 968 3004 ¹

375 3094 405 3153 p.
425 3077 485 3139 311
506 3094 532 3138 V.
556 3081 584 3141 2.
625 3072 700 3150 vorle
719 3076 788 3155 περὶ
808 3072 1099 3161 ’Λμαυόυ”Αρυβυς]
1130 3084 1169 3140 itu
1187 3100 1248 3139 mss
1277 3084 1349 3158 Reg.
1373 3088 1402 3138 et

292 3159 388 3236 colb„
415 3160 463 3219 ubi
488 3160 609 3222 Wolfius
640 3160 734 3240 “qum
759 3161 787 3224 n·
818 3163 927 3246 ίβηρυς
959 3162 1138 3243 legendum:
1177 3186 1250 3225 nam
1284 3164 1404 3224 Ambus

293 3245 415 3303 Amum'
433 3245 556 3303 accolas
575 3266 629 3325 ego
645 3244 748 3305 nulhs
765 3248 866 3307 rcio.“
909 3248 984 3315 Duc.
1030 3250 1196 3311 Plutarchus
1209 3250 1355 3332 Ἄραβος.

374 3349 404 3408 p.
426 3331 490 3394 312
511 3350 537 3393 v.
559 3335 610 3397 21.
652 3334 803 3395 κὰτουιίυι
823 3330 856 3396 dl
876 3326 1009 3415 πόλεων]
1041 3337 1082 3395 sic
1101 3354 1162 3394 mss
1190 3338 1283 3410 codd,
1307 3338 1337 3394 id
1359 3342 1404 3395 est

290 3414 412 3472 urbium
433 3414 586 3475 coloniae.-
606 3416 726 3477 Woldus
741 3420 894 3499 πολεμίων
915 3421 1066 3499 legendum
1087 3420 1233 3485 censebat.
1264 3421 1338 3484 Duc.

376 3520 405 3577 p.
426 3502 489 3563 313
510 3520 537 3565 v.
557 3503 585 3566 1.
628 3506 702 3581 μιᾶς
724 3501 846 3568 δέουσαι
861 3499 1100 3588 τεσσαράκοντα]
1130 3508 1323 3566 emendandus
1357 3516 1406 3565 est
1529 3562 1530 3565 ,

290 3598 424 3642 uumerus
451 3586 481 3642 iu
503 3586 628 3667 Appiani
655 3588 812 3649 Mithridut.
837 3612 860 3655 u
886 3595 958 3667 117,
978 3592 1025 3650 ubi
1050 3593 1176 3652 fortasse
1198 3591 1270 3653 δίκα
1296 3612 1349 3671 pro
1371 3588 1406 3653 δὲ

291 3666 342 3729 καὶ
362 3668 525 3745 legendum.

374 3775 404 3833 p.
426 3754 490 3818 315
511 3772 538 3819 v.
560 3758 609 3821 16.
654 3752 795 3833 οίπίπος
824 3758 858 3823 dl
885 3760 978 3838 τινος]
998 3761 1165 3821 Considium
1192 3762 1317 3843 appellet
1336 3760 1405 3819 Plu·

288 3839 403 3899 turclnrs
425 3842 454 3898 iu
474 3840 534 3898 vitu
561 3836 622 3900 lolii
644 3843 778 3904 Cuesurls
801 3862 825 3909 c.
849 3844 898 3908 14.
1036 3892 1038 3895 -
1384 3910 1387 3917 ,

374 3945 403 4003 p.
424 3927 488 3989 318
505 3946 533 3991 v.
551 3930 602 3990 22.
643 3926 827 4011 ἐλλογίμους]
854 3932 894 3989 in
921 3948 990 3991 mss.
1019 3924 1146 3991 Wolflus¹
1164 3933 1296 3991 ediderat
1322 3928 1406 3991 ἐλλο-

290 4006 430 4090 γουμοοίς,
451 4013 603 4073 manifesto
621 4029 728 4078 errore.
769 4015 846 4075 Duc·
1529 4026 1530 4033 ’

374 4116 403 4174 p,
426 4097 491 4161 322
513 4117 538 4154 v·
560 4098 613 4160 23.
656 4094 873 4180 κροτοόμουου]
897 4100 1027 4159 lacunam
1049 4102 1160 4160 Corsis
1180 4106 1211 4162 et
1232 4100 1406 4160 Schscleros

290 4180 466 4242 indiouruut:
485 4184 539 4241 sed
554 4190 636 4263 putet
657 4190 770 4263 integro
792 4202 856 4245 esse
876 4184 1019 4246 Plutarchi
1041 4186 1136 4249 verbu.
