3134 4909
529 320 753 390 oNNALIUM
773 318 840 387 VH
857 320 908 387 16.
1230 310 1281 385 bo

171 500 220 564 soi
236 490 425 581 τήςῬάμης
441 490 602 579 ἐξήλασαν.
654 493 788 561 ἐκπεσὼν
810 485 865 560 οὐν
880 502 944 569 τοῖς
964 488 1170 570 Οὐολούσκοις
1186 491 1283 572 εὐθύς

170 599 413 689 προσεχώρησεν.
465 590 508 665 ὧν
533 599 561 663 οὐ
582 598 638 683 μέν
661 604 777 685 πρῶτοι
802 600 853 663 καλ
875 597 905 662 σί
922 598 955 661 ἐν
970 606 1035 674 τοῖς
1051 598 1164 663 τέλεσιν
1181 596 1284 663 αὐτῶν

126 690 132 709 ⁸
172 704 255 782 ὄντες
287 700 410 787 έχαιρδν
440 726 472 769 τε
505 703 590 793 αὐτῷ
615 704 667 766 καὶ
694 694 789 779 αὐθις
814 700 892 788 πρδς
916 697 1048 784 πόλεμον
1073 700 1283 786 ἡτοιμάζοντο,

166 808 285 875 Ἀετίου
304 808 455 872 Τουλλίου
479 805 558 893 πρὸς
580 811 690 872 τούτσν
706 806 895 893 ἐρεθίζοντος
911 803 1066 883 ἅπαντας·
1093 802 1109 871 δ
1128 807 1163 870 δέ
1179 803 1286 889 ὅμιλος

146 910 358 1000 δύπράθυμος
374 902 422 994 ήν.
473 906 516 987 ὡς
532 901 587 975 οὐν
605 908 674 975 οὐτε
691 916 909 997 παραινοῦντες
925 907 1214 997 οὐτ’,ἐιιφσβσύντες
1229 908 1287 974 αὐ-

170 1015 243 1093 τούς
259 1016 288 1079 oi
305 1016 430 1080 δυνατοὶ
449 1020 568 1095 κινῆσαι
586 1014 664 1102 πρὸς
679 1011 781 1080 ὅπλων
805 996 895 1100 άρσιν
910 1010 1060 1097 ήδύναντο
1068 1060 1079 1093 ,
1114 1011 1231 1079 τοιάνδε
1256 1040 1286 1080 τι
1301 1019 1325 1076 P
1341 1019 1357 1075 1
1373 1018 1427 1079 ὐύδ

172 1116 414 1203 ἐμηχανήσαντο.
450 1116 656 1203 ἱπποδρομίαν
671 1124 733 1183 τῶν
746 1113 905 1200 Ῥωμαίων
922 1114 1058 1203 ἀγόντων
1075 1116 1164 1181 άλλοι
1179 1124 1288 1184 τετῶν

170 1220 362 1310 προσχώρων
393 1219 497 1297 αὐτοῖς
526 1224 576 1286 καί
603 1221 793 1287 Οὐολοῦσκοι
824 1213 938 1306 πλήθει
967 1226 1073 1309 πολλῷ
1103 1220 1183 1286 ιιατδ
1207 1222 1287 1287 θέαν

174 1324 382 1410 συνήλθοσαν.
416 1320 432 1389 ὃ
451 1324 485 1389 δέ
503 1323 654 1402 Τούλλιος
669 1324 743 1401 τούς
757 1319 818 1390 τῶν
829 1322 989 1407 Ῥωμαίων
1005 1324 1196 1411 στρατηγούς
1206 1324 1288 1391 ἐπει-

132 1442 168 1500 10
176 1454 246 1509 σεν,
281 1426 323 1505 ὥς
339 1429 451 1494 εὐιοῶύ
468 1430 565 1512 δῆθεν
583 1428 687 1505 αὐτοῖς
692 1475 703 1506 ,
736 1428 809 1504 τούς
828 1428 1042 1506 Οὐολούσκους
1059 1426 1288 1516 φυλάσσεσθαι,

174 1532 477 1622 παρεσκευασμένους
501 1533 670 1597 ἐπιθέσθαι
695 1532 802 1619 σφίσιν
827 1529 1013 1607 ἀνελπίστως
1037 1533 1069 1596 ἐν
1083 1537 1123 1618 τῇ
1140 1533 1290 1618 ἱπποδρο-
1377 1595 1381 1605 ,

173 1640 239 1729 μίιμ
276 1636 321 1702 oi
345 1638 378 1702 δέ
401 1639 563 1722 στρατηγοὶ
589 1638 640 1700 καί
663 1644 727 1711 τοῖς
751 1634 855 1711 άλλοις
876 1633 912 1699 τδ
928 1633 1055 1719 μήνυμα
1071 1634 1291 1718 κοινωσάμενοι

174 1741 248 1819 τούς
267 1736 481 1816 Οὐολούσκους
505 1740 614 1805 αὐτίκα
638 1739 697 1825 πρὸ
715 1746 770 1803 τοῦ
797 1738 913 1822 άγιύνος
937 1738 1075 1815 ἅπαντας
1098 1737 1291 1825 ἐξεκήρυξαν.

177 1846 205 1929 oi
224 1846 257 1910 δέ
274 1847 568 1927 δυσανασχετοῦντες
590 1840 637 1907 ὅτι
659 1840 748 1924 μόνοι
765 1843 799 1907 ἐκ
815 1840 938 1909 πάντων
954 1840 1148 1927 ίξελήλαντο,
1176 1846 1292 1929 ἐτοιμοι

134 1948 255 2035 15πρδς
270 1945 372 2031 μάχην
390 1949 535 2033 ἐγένοντο.
580 1948 633 2011 καὶ
650 1942 894 2032 προστησάμενοι
912 1947 965 2012 τὸν
983 1945 1174 2033 Κοριολάνσν
1190 1975 1223 2013 τε
1240 1951 1291 2013 καὶ
1307 1957 1331 2013 Β

176 2050 231 2119 τὸν
249 2049 418 2130 Τούλλιον,
444 2053 492 2115 ἐπί
511 2049 567 2133 τήν
586 2046 712 2133 Ῥώμην
718 2098 729 2129 ,
755 2052 806 2115 καὶ
822 2049 896 2126 τούς
911 2052 1071 2128 Λατίνους
1086 2049 1293 2139 προσειληφδ·

176 2180 242 2235 τες,
269 2154 382 2237 πλήθει
406 2151 567 2240 ἐχάρησαν
589 2154 712 2219 πλείονι.
764 2151 783 2218 δ
807 2152 836 2218 oi
856 2150 1001 2237 Ῥωμαῖοι
1024 2154 1194 2238 πυθόμενοι
1217 2138 1295 2242 πρὸς

176 2259 216 2325 ‘coi
235 2255 313 2324 ὅπλα
329 2260 385 2343 μέν
402 2258 457 2323 οὐκ
476 2255 690 2345 ἐρρώσθησαν,
718 2258 749 2321 ἐν
766 2259 879 2335 αἰτίαις
896 2259 930 2323 δ’
950 2255 1105 2341 ἀλλήλους
1120 2262 1293 2342 πεποίηντο,

179 2360 208 2427 oi
233 2364 289 2445 μὲν
312 2370 368 2429 τού
389 2359 497 2445 ὁμίλου
523 2361 596 2438 τούς
619 2361 803 2447 εὐπατρίδας
826 2359 874 2425 δτι
896 2361 1048 2440 ἐξαύτῶν
1065 2360 1082 2426 δ
1101 2360 1294 2449 Κοριολάνος
1396 2413 1398 2416 -

138 2464 338 2550 ρρτυγχάνων
361 2465 439 2553 μετὰ
462 2472 524 2530 τῶν
541 2467 665 2549 ἐχθρῶν
682 2466 729 2527 ἐπὶ
746 2464 804 2547 τὴν
819 2468 954 2550 πατρίδα
971 2463 1188 2551 στρατεύοιτο,
1215 2466 1245 2531 oi
1262 2467 1297 2532 δέ

181 2567 235 2635 τὸν
258 2568 364 2651 ὅμιλον
381 2566 428 2633 δτι
443 2566 488 2650 μή
506 2569 630 2646 ἐνδίκως
647 2566 740 2631 αὐτὸν
758 2564 951 2645 ἐξελάσαντες
967 2568 1112 2650 πολέμιον
1127 2568 1296 2654 πεποιήκα-

181 2696 241 2741 σιν.
291 2668 372 2737 οὐτω
390 2672 423 2736 δέ
440 2667 651 2751 στασιάζοντες
667 2671 699 2747 ἐς
713 2669 793 2755 μένα
809 2693 840 2734 τι
856 2671 950 2737 κακδν
967 2672 1106 2738 ἐνέπεσον
1126 2672 1180 2755 dr,
1208 2678 1235 2741 εἰ
1249 2674 1294 2761 μὴ

250 2868 266 2922 1
291 2858 414 2919 &scrobis
436 2894 471 2905 -
495 2864 514 2919 2
535 2861 746 2936 προσεχώρησεν
768 2866 863 2921 Diouis
888 2873 1044 2937 excerptum
1070 2868 1227 2926 Vaticanum
1252 2873 1295 2931 lii.

251 2936 269 2992 6
286 2938 365 2989 τοῖον
381 2930 414 2989 δέ
431 2952 459 2988 τι
475 2936 508 3003 Β,
526 2934 657 2989 τοιοῦτον
673 2932 707 2989 δέ
726 2956 754 2991 τι
770 2938 804 3003 Α,
822 2932 933 2991 τοιάνδε
951 2940 1018 2994 PW.
1123 2932 1295 3011 Ὶέμηχανή-

250 3022 319 3059 σατο
329 3006 361 3058 Β.
434 3008 466 3059 11
485 3002 621 3059 τεθύσθαι
639 3007 671 3059 Α.
785 3008 826 3077 τῷ
843 3002 1010 3077 ἱπποδρόμῳ
1020 3009 1054 3062 Α.
1125 3010 1159 3064 14
1171 3012 1295 3063 δυσανα-

251 3076 410 3143 σχεταύντες
433 3074 473 3138 Α,
497 3070 785 3145 δυσανασχετήσαντες
807 3078 877 3130 PW.
990 3076 1023 3130 18
1039 3071 1224 3148 ἐρράσθησαν
1240 3080 1298 3148 ΑΒ,

251 3136 412 3213 ἐξώρμησαν
426 3144 494 3197 PW.
561 3142 596 3195 22
610 3162 637 3197 τι
655 3161 696 3197 om
715 3146 747 3197 0.
821 3153 883 3217 post
899 3141 938 3215 μή
950 3146 1008 3199 PW
1022 3146 1073 3200 edd
1087 3145 1144 3217 ιιαλ,
1164 3166 1205 3201 our
1216 3148 1297 3204 Asc.

181 3332 211 3369 se
230 3314 355 3370 contulit:
380 3330 491 3383 quorum
508 3313 640 3385 principes
658 3323 687 3368 eb
703 3315 884 3385 magistratus,
902 3316 1018 3371 adventu
1034 3316 1104 3370 iiiios
1124 3318 1204 3387 iacti,
1230 3314 1301 3373 Anii

183 3384 265 3439 Tullii
288 3385 511 3457 impulsurursos
529 3384 562 3437 ed
580 3385 721 3438 bellumne
740 3388 892 3455 putebant„
917 3387 986 3458 quod
1005 3404 1062 3440 com
1081 3388 1178 3457 popolo
1196 3387 1300 3442 minime

183 3454 316 3525 placeret,
340 3454 386 3524 qui
410 3471 425 3506 τι
450 3454 603 3522 potentibus
627 3470 714 3523 neque
737 3455 897 3509 admonendo
922 3473 1009 3526 neque
1031 3459 1157 3511 terrendo
1175 3457 1209 3511 sd
1227 3474 1299 3511 ortus

183 3523 309 3577 sumendo
334 3524 490 3577 commoveri
514 3532 622 3592 posset,
646 3524 696 3576 huc
720 3533 779 3576 erce
804 3534 868 3578 sont
889 3526 942 3580 usi.
977 3526 1119 3595 conludio
1138 3527 1300 3581 circensibus

183 3608 242 3646 cum
260 3591 305 3645 alii
324 3608 357 3645 ex
374 3592 491 3646 finitimis
508 3600 565 3646 iuro
582 3610 676 3663 mogon
696 3594 849 3647 Volscorurn
866 3596 1005 3649 multitudo
1016 3596 1122 3649 nonan
1142 3599 1175 3649 od
1193 3605 1301 3667 specte·

184 3662 269 3714 culum
286 3663 470 3729 convenisset,
488 3662 593 3716 Tollius
610 3678 658 3732 per
675 3663 878 3718 benevolentiae
895 3666 1010 3734 speciem
1027 3665 1202 3719 Romanorum
1219 3684 1299 3737 pres-

184 3730 288 3784 toribus
311 3733 446 3800 persuasit
463 3732 575 3785 Volscos
591 3734 724 3785 cavendos
743 3749 820 3800 esse,
844 3742 952 3805 persto·
970 3736 1003 3787 sd
1021 3736 1146 3805 impetum
1162 3738 1190 3788 in
1209 3753 1254 3789 eos
1271 3736 1301 3789 io

184 3800 254 3855 circo
273 3800 431 3855 iaciendum.
466 3810 603 3870 praetores
621 3818 653 3854 eo
669 3803 767 3855 indicio
785 3804 865 3857 etism
883 3820 942 3857 curo
956 3803 1016 3857 siiis
1034 3805 1223 3859 communicato
1237 3806 1302 3858 Vei-

185 3886 245 3925 scos
267 3876 329 3923 nobs
355 3869 428 3923 ludos
452 3872 542 3924 stetim
567 3870 676 3925 cirirste
699 3874 828 3927 excedere
852 3873 994 3945 praeconio
1011 3874 1156 3929 iusserunt.
1192 3874 1299 3929 bivero

185 3940 306 4009 graviter
328 3939 446 3993 ferentes
466 3958 495 3994 se
514 3941 587 3993 solos
610 3958 645 3993 ex
662 3944 782 3995 omnibus
799 3960 860 3996 esse
898 3941 989 4011 uisos,
1014 3945 1047 3997 sd
1072 3945 1168 3998 beiiom
1192 3944 1300 4011 bned,

186 4010 391 4080 imperatoribus
407 4008 481 4061 iectis
500 4010 641 4064 Corioisno
659 4018 688 4063 et
705 4012 816 4081 Tullio,
836 4029 868 4065 sc
909 4012 1037 4066 stinctum
1056 4014 1160 4067 auxiliis
1181 4014 1301 4080 adscitis,

186 4080 284 4133 maiore
302 4094 409 4132 numero
429 4086 519 4131 contre
536 4079 666 4133 Romanos
683 4088 746 4135 sunt
761 4082 884 4151 proiecti.
919 4098 971 4151 quo
993 4082 1032 4135 illi
1056 4083 1145 4135 sedito
1163 4100 1214 4135 noo
1231 4094 1301 4135 stre·

185 4164 238 4202 oue
256 4164 327 4202 erm
344 4155 482 4217 ceperunt,
501 4150 547 4202 sed
564 4148 636 4203 inter
652 4168 682 4204 se
700 4151 853 4205 criminibus
870 4159 1021 4205 certer-uuir
1038 4152 1136 4223 plebeii
1147 4168 1204 4204 cum
1215 4150 1300 4221 putri-

187 4218 252 4286 ciis,
298 4219 348 4271 uod
374 4234 408 4271 ex
428 4235 461 4271 eo
487 4218 579 4271 ordine
596 4219 753 4274 Coriolanus
777 4238 834 4275 cour
855 4220 976 4274 hostibus
994 4222 1106 4291 putrium
1124 4227 1302 4289 oppugnatum

188 4286 257 4351 iret3
275 4236 313 4340 ffb
330 4304 392 4358 curu,
405 4288 491 4358 plebe,
508 4288 581 4371 quod
596 4291 706 4343 eundern
723 4290 816 4360 iniquo
833 4290 929 4343 exsilio
945 4292 1098 4356 multotum,
1122 4290 1223 4341 bostem
1241 4288 1303 4342 red·

188 4355 326 4413 didhrcnt.
360 4374 392 4411 eo
410 4362 545 4412 conteneo
561 4357 589 4411 iu
606 4373 723 4429 magnum
741 4359 834 4415 mnium
848 4360 986 4426 munst,
1005 4360 1055 4414 uisi
1071 4366 1208 4413 usbonee
1223 4358 1302 4413 tulis·
