<?xml version="1.0" encoding="UTF-8"?>
<!DOCTYPE html PUBLIC "-//W3C//DTD XHTML 1.0 Transitional//EN"
    "http://www.w3.org/TR/xhtml1/DTD/xhtml1-transitional.dtd">
<html xmlns="http://www.w3.org/1999/xhtml" xml:lang="en" lang="en">
 <head>
  <title>
</title>
<meta http-equiv="Content-Type" content="text/html;charset=utf-8" />
  <meta name='ocr-system' content='tesseract 3.04.00' />
  <meta name='ocr-capabilities' content='ocr_page ocr_carea ocr_par ocr_line ocrx_word'/>
</head>
<body>
  <div class='ocr_page' id='page_1' title='image "./corpusscriptoru42theogoog/corpusscriptoru42theogoog_0089.png"; bbox 0 0 3134 4909; ppageno 0'>
   <div class='ocr_carea' id='block_1_1' title="bbox 535 344 1276 422">
    <p class='ocr_par' dir='ltr' id='par_1_1' title="bbox 535 344 1276 422">
     <span class='ocr_line' id='line_1_1' title="bbox 535 344 1276 422; baseline 0.012 -9"><span class='ocrx_word' id='word_1_1' title='bbox 535 344 892 416; x_wconf 68' lang='lat' dir='ltr'><strong>maurium.</strong></span> <span class='ocrx_word' id='word_1_2' title='bbox 1225 347 1276 422; x_wconf 78' lang='lat'><strong><em>77</em></strong></span> 
     </span>
    </p>
   </div>
   <div class='ocr_carea' id='block_1_2' title="bbox 124 517 1404 2893">
    <p class='ocr_par' dir='ltr' id='par_1_2' title="bbox 124 517 1404 2893">
     <span class='ocr_line' id='line_1_2' title="bbox 162 517 1278 611; baseline 0.001 -22"><span class='ocrx_word' id='word_1_3' title='bbox 162 523 233 589; x_wconf 69' lang='lat' dir='ltr'><strong><em>orb</em></strong></span> <span class='ocrx_word' id='word_1_4' title='bbox 249 522 284 587; x_wconf 83' lang='grc' dir='ltr'><strong><em>δέ</em></strong></span> <span class='ocrx_word' id='word_1_5' title='bbox 300 520 405 588; x_wconf 73' lang='grc' dir='ltr'><strong><em>οἷ’καδε</em></strong></span> <span class='ocrx_word' id='word_1_6' title='bbox 420 521 478 606; x_wconf 71' lang='grc' dir='ltr'><strong><em>τὴν</em></strong></span> <span class='ocrx_word' id='word_1_7' title='bbox 493 520 657 610; x_wconf 91' lang='grc' dir='ltr'><strong><em>γερουσίαν</em></strong></span> <span class='ocrx_word' id='word_1_8' title='bbox 674 517 855 611; x_wconf 67' lang='grc' dir='ltr'><strong><em>συνήθροιζε</em></strong></span> <span class='ocrx_word' id='word_1_9' title='bbox 872 522 924 586; x_wconf 76' lang='grc' dir='ltr'><strong><em>καί</em></strong></span> <span class='ocrx_word' id='word_1_10' title='bbox 938 518 1004 609; x_wconf 76' lang='grc' dir='ltr'><strong><em>ᾔτει</em></strong></span> <span class='ocrx_word' id='word_1_11' title='bbox 1019 523 1227 608; x_wconf 74' lang='grc' dir='ltr'><strong><em>ψηφίσασθαί</em></strong></span> <span class='ocrx_word' id='word_1_12' title='bbox 1247 526 1278 590; x_wconf 83' lang='lat' dir='ltr'><strong>oi</strong></span> 
     </span>
     <span class='ocr_line' id='line_1_3' title="bbox 162 622 1277 714; baseline -0.001 -20"><span class='ocrx_word' id='word_1_13' title='bbox 162 626 202 695; x_wconf 78' lang='grc' dir='ltr'><strong><em>τό</em></strong></span> <span class='ocrx_word' id='word_1_14' title='bbox 229 628 367 692; x_wconf 87' lang='grc' dir='ltr'><strong><em>ἐπινίκια.</em></strong></span> <span class='ocrx_word' id='word_1_15' title='bbox 419 628 470 691; x_wconf 80' lang='grc' dir='ltr'><strong><em>καί</em></strong></span> <span class='ocrx_word' id='word_1_16' title='bbox 498 630 525 691; x_wconf 85' lang='grc' dir='ltr'><strong><em>εί</em></strong></span> <span class='ocrx_word' id='word_1_17' title='bbox 550 624 636 709; x_wconf 72' lang='grc' dir='ltr'><strong><em>ἐτυχε</em></strong></span> <span class='ocrx_word' id='word_1_18' title='bbox 659 622 771 714; x_wconf 79' lang='grc' dir='ltr'><strong><em>ψήφου</em></strong></span> <span class='ocrx_word' id='word_1_19' title='bbox 798 622 881 714; x_wconf 91' lang='grc' dir='ltr'><strong><em>παρά</em></strong></span> <span class='ocrx_word' id='word_1_20' title='bbox 898 650 931 692; x_wconf 88' lang='grc' dir='ltr'><strong><em>τε</em></strong></span> <span class='ocrx_word' id='word_1_21' title='bbox 949 632 1005 710; x_wconf 79' lang='grc' dir='ltr'><strong><em>τῆς</em></strong></span> <span class='ocrx_word' id='word_1_22' title='bbox 1019 632 1136 709; x_wconf 83' lang='grc' dir='ltr'><strong><em>βουλῆς</em></strong></span> <span class='ocrx_word' id='word_1_23' title='bbox 1151 631 1203 693; x_wconf 78' lang='grc' dir='ltr'><strong><em>καί</em></strong></span> <span class='ocrx_word' id='word_1_24' title='bbox 1221 636 1277 693; x_wconf 80' lang='grc' dir='ltr'><strong><em>τοῦ</em></strong></span> 
     </span>
     <span class='ocr_line' id='line_1_4' title="bbox 165 726 1277 818; baseline -0.002 -21"><span class='ocrx_word' id='word_1_25' title='bbox 165 730 278 814; x_wconf 82' lang='grc' dir='ltr'><strong><em>δήμου,</em></strong></span> <span class='ocrx_word' id='word_1_26' title='bbox 301 732 478 813; x_wconf 80' lang='grc' dir='ltr'><strong><em>ἐβεβαιοῧτο</em></strong></span> <span class='ocrx_word' id='word_1_27' title='bbox 497 728 583 818; x_wconf 74' lang='grc' dir='ltr'><strong><em>αότῷ</em></strong></span> <span class='ocrx_word' id='word_1_28' title='bbox 599 732 649 795; x_wconf 74' lang='grc' dir='ltr'><strong><em>καί</em></strong></span> <span class='ocrx_word' id='word_1_29' title='bbox 666 726 855 815; x_wconf 78' lang='grc' dir='ltr'><strong><em>ἡέποαυμία</em></strong></span> <span class='ocrx_word' id='word_1_30' title='bbox 868 732 924 795; x_wconf 82' lang='grc' dir='ltr'><strong><em>τὀὕ</em></strong></span> <span class='ocrx_word' id='word_1_31' title='bbox 939 728 1175 817; x_wconf 76' lang='grc' dir='ltr'><strong><em>αιἰτοκράτορος.</em></strong></span> <span class='ocrx_word' id='word_1_32' title='bbox 1224 735 1277 797; x_wconf 78' lang='grc' dir='ltr'><strong><em>καὶ</em></strong></span> 
     </span>
     <span class='ocr_line' id='line_1_5' title="bbox 166 824 1277 921; baseline -0.001 -22"><span class='ocrx_word' id='word_1_33' title='bbox 166 837 192 899; x_wconf 88' lang='grc' dir='ltr'><strong><em>εί</em></strong></span> <span class='ocrx_word' id='word_1_34' title='bbox 207 836 264 917; x_wconf 79' lang='grc' dir='ltr'><strong><em>μέν</em></strong></span> <span class='ocrx_word' id='word_1_35' title='bbox 281 837 312 900; x_wconf 88' lang='grc' dir='ltr'><strong><em>ἐν</em></strong></span> <span class='ocrx_word' id='word_1_36' title='bbox 329 841 367 921; x_wconf 85' lang='grc' dir='ltr'><strong><em>τῇ</em></strong></span> <span class='ocrx_word' id='word_1_37' title='bbox 384 834 464 921; x_wconf 79' lang='grc' dir='ltr'><strong><em>ἀρχῇ</em></strong></span> <span class='ocrx_word' id='word_1_38' title='bbox 479 827 518 919; x_wconf 80' lang='grc' dir='ltr'><strong><em>ἦν</em></strong></span> <span class='ocrx_word' id='word_1_39' title='bbox 535 832 578 899; x_wconf 71' lang='grc' dir='ltr'><strong><em>ἐτι</em></strong></span> <span class='ocrx_word' id='word_1_40' title='bbox 595 836 627 899; x_wconf 91' lang='grc' dir='ltr'><strong><em>ἐν</em></strong></span> <span class='ocrx_word' id='word_1_41' title='bbox 642 824 663 921; x_wconf 77' lang='grc' dir='ltr'><strong><em>ᾗ</em></strong></span> <span class='ocrx_word' id='word_1_42' title='bbox 680 832 836 919; x_wconf 76' lang='grc' dir='ltr'><strong><em>τυγχάνων</em></strong></span> <span class='ocrx_word' id='word_1_43' title='bbox 854 836 979 919; x_wconf 82' lang='grc' dir='ltr'><strong><em>ἐνίκησε,</em></strong></span> <span class='ocrx_word' id='word_1_44' title='bbox 1005 832 1162 921; x_wconf 81' lang='grc' dir='ltr'><strong><em>ταάτηκαί</em></strong></span> <span class='ocrx_word' id='word_1_45' title='bbox 1177 861 1277 921; x_wconf 84' lang='grc' dir='ltr'><strong><em>πανη-</em></strong></span> 
     </span>
     <span class='ocr_line' id='line_1_6' title="bbox 141 936 1277 1025; baseline 0.002 -21"><span class='ocrx_word' id='word_1_46' title='bbox 141 941 294 1025; x_wconf 78' lang='grc' dir='ltr'><strong><em>ῡγνρίζων</em></strong></span> <span class='ocrx_word' id='word_1_47' title='bbox 318 938 477 1025; x_wconf 87' lang='grc' dir='ltr'><strong><em>ἐκέχρητο,</em></strong></span> <span class='ocrx_word' id='word_1_48' title='bbox 511 938 589 1005; x_wconf 81' lang='grc' dir='ltr'><strong><em>τίδ’</em></strong></span> <span class='ocrx_word' id='word_1_49' title='bbox 611 936 628 1003; x_wconf 83' lang='grc' dir='ltr'><strong><em>ό</em></strong></span> <span class='ocrx_word' id='word_1_50' title='bbox 642 936 756 1025; x_wconf 82' lang='grc' dir='ltr'><strong><em>χρόνος</em></strong></span> <span class='ocrx_word' id='word_1_51' title='bbox 771 937 969 1025; x_wconf 65' lang='grc' dir='ltr'><strong><em>παρελήλυθε</em></strong></span> <span class='ocrx_word' id='word_1_52' title='bbox 987 946 1042 1024; x_wconf 82' lang='grc' dir='ltr'><strong><em>τῆς</em></strong></span> <span class='ocrx_word' id='word_1_53' title='bbox 1059 939 1174 1025; x_wconf 76' lang='grc' dir='ltr'><strong><em>ἀρχῆς,</em></strong></span> <span class='ocrx_word' id='word_1_54' title='bbox 1200 936 1277 1006; x_wconf 86' lang='grc' dir='ltr'><strong><em>άλλο</em></strong></span> 
     </span>
     <span class='ocr_line' id='line_1_7' title="bbox 164 1038 1278 1132; baseline 0.002 -25"><span class='ocrx_word' id='word_1_55' title='bbox 164 1068 195 1107; x_wconf 86' lang='grc' dir='ltr'><strong><em>τι</em></strong></span> <span class='ocrx_word' id='word_1_56' title='bbox 223 1040 402 1130; x_wconf 83' lang='grc' dir='ltr'><strong><em>πρόσφορον</em></strong></span> <span class='ocrx_word' id='word_1_57' title='bbox 434 1042 511 1130; x_wconf 78' lang='grc' dir='ltr'><strong><em>αὐτῇ</em></strong></span> <span class='ocrx_word' id='word_1_58' title='bbox 541 1040 712 1125; x_wconf 77' lang='grc' dir='ltr'><strong><em>ἐλάμβανεν</em></strong></span> <span class='ocrx_word' id='word_1_59' title='bbox 741 1040 858 1125; x_wconf 71' lang='grc' dir='ltr'><strong><em>ὄνομα·</em></strong></span> <span class='ocrx_word' id='word_1_60' title='bbox 891 1039 998 1129; x_wconf 77' lang='grc' dir='ltr'><strong><em>ἐδιοότῃ</em></strong></span> <span class='ocrx_word' id='word_1_61' title='bbox 1027 1042 1087 1128; x_wconf 82' lang='grc' dir='ltr'><strong><em>γὰρ</em></strong></span> <span class='ocrx_word' id='word_1_62' title='bbox 1118 1038 1278 1132; x_wconf 76' lang='grc' dir='ltr'><strong><em>νικητήρια</em></strong></span> 
     </span>
     <span class='ocr_line' id='line_1_8' title="bbox 164 1144 1277 1234; baseline 0.002 -25"><span class='ocrx_word' id='word_1_63' title='bbox 164 1146 287 1230; x_wconf 81' lang='grc' dir='ltr'><strong><em>πέμψαι</em></strong></span> <span class='ocrx_word' id='word_1_64' title='bbox 305 1146 460 1233; x_wconf 78' lang='grc' dir='ltr'><strong><em>ἀπείρητο.</em></strong></span> <span class='ocrx_word' id='word_1_65' title='bbox 512 1144 768 1229; x_wconf 77' lang='grc' dir='ltr'><strong><em>ἐνσκευασάμενος</em></strong></span> <span class='ocrx_word' id='word_1_66' title='bbox 792 1147 825 1211; x_wconf 84' lang='grc' dir='ltr'><strong><em>δέ</em></strong></span> <span class='ocrx_word' id='word_1_67' title='bbox 850 1154 889 1234; x_wconf 83' lang='grc' dir='ltr'><strong><em>τῇ</em></strong></span> <span class='ocrx_word' id='word_1_68' title='bbox 912 1148 1046 1234; x_wconf 80' lang='grc' dir='ltr'><strong><em>ἐπινικίιμ</em></strong></span> <span class='ocrx_word' id='word_1_69' title='bbox 1071 1152 1165 1233; x_wconf 78' lang='grc' dir='ltr'><strong><em>σκευῇ</em></strong></span> <span class='ocrx_word' id='word_1_70' title='bbox 1173 1194 1185 1226; x_wconf 90' lang='lat'><em>,</em></span> <span class='ocrx_word' id='word_1_71' title='bbox 1226 1151 1277 1213; x_wconf 84' lang='grc' dir='ltr'><strong><em>καί</em></strong></span> 
     </span>
     <span class='ocr_line' id='line_1_9' title="bbox 165 1246 1278 1338; baseline 0.003 -25"><span class='ocrx_word' id='word_1_72' title='bbox 165 1246 397 1337; x_wconf 74' lang='grc' dir='ltr'><strong><em>περιβραχιόνια</em></strong></span> <span class='ocrx_word' id='word_1_73' title='bbox 414 1249 520 1333; x_wconf 79' lang='grc' dir='ltr'><strong><em>λαβὼν</em></strong></span> <span class='ocrx_word' id='word_1_74' title='bbox 536 1250 685 1338; x_wconf 89' lang='grc' dir='ltr'><strong><em>στέφανόν</em></strong></span> <span class='ocrx_word' id='word_1_75' title='bbox 701 1277 733 1316; x_wconf 90' lang='grc' dir='ltr'><strong><em>τε</em></strong></span> <span class='ocrx_word' id='word_1_76' title='bbox 752 1247 872 1338; x_wconf 80' lang='grc' dir='ltr'><strong><em>δάφνης</em></strong></span> <span class='ocrx_word' id='word_1_77' title='bbox 889 1248 1120 1334; x_wconf 76' lang='grc' dir='ltr'><strong><em>ἀναδησάμενος</em></strong></span> <span class='ocrx_word' id='word_1_78' title='bbox 1136 1252 1188 1315; x_wconf 84' lang='grc' dir='ltr'><strong><em>καλ</em></strong></span> <span class='ocrx_word' id='word_1_79' title='bbox 1203 1249 1278 1316; x_wconf 87' lang='grc' dir='ltr'><strong><em>κλά-</em></strong></span> 
     </span>
     <span class='ocr_line' id='line_1_10' title="bbox 167 1352 1280 1444; baseline 0 -25"><span class='ocrx_word' id='word_1_80' title='bbox 167 1354 221 1419; x_wconf 86' lang='grc' dir='ltr'><strong><em>δον</em></strong></span> <span class='ocrx_word' id='word_1_81' title='bbox 237 1360 358 1439; x_wconf 82' lang='grc' dir='ltr'><strong><em>κρατῶν</em></strong></span> <span class='ocrx_word' id='word_1_82' title='bbox 374 1356 405 1419; x_wconf 84' lang='grc' dir='ltr'><strong><em>ἐν</em></strong></span> <span class='ocrx_word' id='word_1_83' title='bbox 421 1361 460 1440; x_wconf 83' lang='grc' dir='ltr'><strong><em>τῇ</em></strong></span> <span class='ocrx_word' id='word_1_84' title='bbox 475 1355 569 1444; x_wconf 81' lang='grc' dir='ltr'><strong><em>δεξιᾷ,</em></strong></span> <span class='ocrx_word' id='word_1_85' title='bbox 596 1354 649 1420; x_wconf 83' lang='grc' dir='ltr'><strong><em>τόν</em></strong></span> <span class='ocrx_word' id='word_1_86' title='bbox 662 1356 759 1438; x_wconf 77' lang='grc' dir='ltr'><strong><em>δῆμον</em></strong></span> <span class='ocrx_word' id='word_1_87' title='bbox 772 1352 945 1420; x_wconf 86' lang='grc' dir='ltr'><strong><em>συνεκάλει·</em></strong></span> <span class='ocrx_word' id='word_1_88' title='bbox 969 1357 1021 1419; x_wconf 79' lang='grc' dir='ltr'><strong><em>καί</em></strong></span> <span class='ocrx_word' id='word_1_89' title='bbox 1034 1353 1194 1431; x_wconf 85' lang='grc' dir='ltr'><strong><em>ἐπαινέσας</em></strong></span> <span class='ocrx_word' id='word_1_90' title='bbox 1206 1355 1280 1431; x_wconf 72' lang='grc' dir='ltr'><strong><em>τους</em></strong></span> 
     </span>
     <span class='ocr_line' id='line_1_11' title="bbox 125 1454 1280 1549; baseline 0.003 -28"><span class='ocrx_word' id='word_1_91' title='bbox 125 1466 160 1523; x_wconf 83' lang='grc'><strong><em>10</em></strong></span> <span class='ocrx_word' id='word_1_92' title='bbox 168 1458 488 1542; x_wconf 80' lang='grc' dir='ltr'><strong><em>συστρατευσαμένους</em></strong></span> <span class='ocrx_word' id='word_1_93' title='bbox 513 1457 598 1544; x_wconf 73' lang='grc' dir='ltr'><strong><em>αὐτῷ</em></strong></span> <span class='ocrx_word' id='word_1_94' title='bbox 619 1460 671 1521; x_wconf 81' lang='grc' dir='ltr'><strong><em>καί</em></strong></span> <span class='ocrx_word' id='word_1_95' title='bbox 688 1461 842 1544; x_wconf 77' lang='grc' dir='ltr'><strong><em>κοινῇκαὶ</em></strong></span> <span class='ocrx_word' id='word_1_96' title='bbox 859 1461 924 1549; x_wconf 81' lang='grc' dir='ltr'><strong><em>ίδέρι</em></strong></span> <span class='ocrx_word' id='word_1_97' title='bbox 939 1454 1040 1536; x_wconf 86' lang='grc' dir='ltr'><strong><em>τινάς,</em></strong></span> <span class='ocrx_word' id='word_1_98' title='bbox 1067 1458 1207 1545; x_wconf 72' lang='grc' dir='ltr'><strong><em>ἐδωρεῖτο</em></strong></span> <span class='ocrx_word' id='word_1_99' title='bbox 1224 1459 1280 1541; x_wconf 84' lang='grc' dir='ltr'><strong><em>μέν</em></strong></span> 
     </span>
     <span class='ocr_line' id='line_1_12' title="bbox 164 1558 1404 1649; baseline 0.002 -21"><span class='ocrx_word' id='word_1_100' title='bbox 164 1564 252 1649; x_wconf 91' lang='grc' dir='ltr'><strong><em>σφίσι</em></strong></span> <span class='ocrx_word' id='word_1_101' title='bbox 271 1559 419 1648; x_wconf 80' lang='grc' dir='ltr'><strong><em>χρήματα</em></strong></span> <span class='ocrx_word' id='word_1_102' title='bbox 429 1610 438 1638; x_wconf 89' lang='grc'><strong>,</strong></span> <span class='ocrx_word' id='word_1_103' title='bbox 464 1562 553 1644; x_wconf 91' lang='grc' dir='ltr'><strong><em>ἐτίμα</em></strong></span> <span class='ocrx_word' id='word_1_104' title='bbox 576 1562 610 1625; x_wconf 79' lang='grc' dir='ltr'><strong><em>δέ</em></strong></span> <span class='ocrx_word' id='word_1_105' title='bbox 632 1563 682 1625; x_wconf 81' lang='grc' dir='ltr'><strong><em>καί</em></strong></span> <span class='ocrx_word' id='word_1_106' title='bbox 701 1558 825 1649; x_wconf 82' lang='grc' dir='ltr'><strong><em>κόσμῳ,</em></strong></span> <span class='ocrx_word' id='word_1_107' title='bbox 851 1558 1083 1649; x_wconf 85' lang='grc' dir='ltr'><strong><em>περιβραχιόνιά</em></strong></span> <span class='ocrx_word' id='word_1_108' title='bbox 1098 1562 1134 1627; x_wconf 91' lang='grc' dir='ltr'><strong><em>τέ</em></strong></span> <span class='ocrx_word' id='word_1_109' title='bbox 1147 1588 1209 1628; x_wconf 88' lang='grc' dir='ltr'><strong><em>τισι</em></strong></span> <span class='ocrx_word' id='word_1_110' title='bbox 1225 1565 1277 1629; x_wconf 81' lang='grc' dir='ltr'><strong><em>καί</em></strong></span> <span class='ocrx_word' id='word_1_111' title='bbox 1292 1570 1404 1630; x_wconf 75' lang='lat' dir='ltr'><strong>P1353</strong></span> 
     </span>
     <span class='ocr_line' id='line_1_13' title="bbox 165 1662 1282 1752; baseline 0 -22"><span class='ocrx_word' id='word_1_112' title='bbox 165 1662 283 1752; x_wconf 89' lang='grc' dir='ltr'><strong><em>δόρατα</em></strong></span> <span class='ocrx_word' id='word_1_113' title='bbox 308 1666 441 1751; x_wconf 80' lang='grc' dir='ltr'><strong><em>ἀσίδηρα</em></strong></span> <span class='ocrx_word' id='word_1_114' title='bbox 465 1675 605 1751; x_wconf 82' lang='grc' dir='ltr'><strong><em>παρεῖχε,</em></strong></span> <span class='ocrx_word' id='word_1_115' title='bbox 631 1668 683 1729; x_wconf 79' lang='grc' dir='ltr'><strong><em>καὶ</em></strong></span> <span class='ocrx_word' id='word_1_116' title='bbox 707 1663 878 1752; x_wconf 84' lang='grc' dir='ltr'><strong><em>στεφάνους</em></strong></span> <span class='ocrx_word' id='word_1_117' title='bbox 900 1676 965 1741; x_wconf 80' lang='grc' dir='ltr'><strong><em>τοῖς</em></strong></span> <span class='ocrx_word' id='word_1_118' title='bbox 986 1666 1043 1747; x_wconf 76' lang='grc' dir='ltr'><strong><em>μέν</em></strong></span> <span class='ocrx_word' id='word_1_119' title='bbox 1062 1669 1201 1752; x_wconf 72' lang='grc' dir='ltr'><strong><em>χρυσοῦς</em></strong></span> <span class='ocrx_word' id='word_1_120' title='bbox 1218 1675 1282 1743; x_wconf 78' lang='grc' dir='ltr'><strong><em>τοῖς</em></strong></span> 
     </span>
     <span class='ocr_line' id='line_1_14' title="bbox 166 1766 1283 1859; baseline 0.002 -26"><span class='ocrx_word' id='word_1_121' title='bbox 166 1770 199 1835; x_wconf 82' lang='grc' dir='ltr'><strong><em>δέ</em></strong></span> <span class='ocrx_word' id='word_1_122' title='bbox 224 1770 376 1856; x_wconf 75' lang='grc' dir='ltr'><strong><em>ἀργυροῦς</em></strong></span> <span class='ocrx_word' id='word_1_123' title='bbox 401 1770 522 1848; x_wconf 84' lang='grc' dir='ltr'><strong><em>ἐδίδου,</em></strong></span> <span class='ocrx_word' id='word_1_124' title='bbox 558 1766 694 1852; x_wconf 79' lang='grc' dir='ltr'><strong><em>τοάνομά</em></strong></span> <span class='ocrx_word' id='word_1_125' title='bbox 716 1794 747 1834; x_wconf 87' lang='grc' dir='ltr'><strong><em>τε</em></strong></span> <span class='ocrx_word' id='word_1_126' title='bbox 763 1768 895 1837; x_wconf 75' lang='grc' dir='ltr'><strong><em>ἑκάστου</em></strong></span> <span class='ocrx_word' id='word_1_127' title='bbox 911 1772 963 1834; x_wconf 84' lang='grc' dir='ltr'><strong><em>καί</em></strong></span> <span class='ocrx_word' id='word_1_128' title='bbox 979 1776 1035 1853; x_wconf 80' lang='grc' dir='ltr'><strong><em>τῆς</em></strong></span> <span class='ocrx_word' id='word_1_129' title='bbox 1051 1768 1206 1855; x_wconf 78' lang='grc' dir='ltr'><strong><em>ἀριστείας</em></strong></span> <span class='ocrx_word' id='word_1_130' title='bbox 1223 1770 1283 1859; x_wconf 72' lang='lat' dir='ltr'><strong><em>pl-</em></strong></span> 
     </span>
     <span class='ocr_line' id='line_1_15' title="bbox 167 1871 1280 1959; baseline 0 -21"><span class='ocrx_word' id='word_1_131' title='bbox 167 1898 276 1959; x_wconf 90' lang='grc' dir='ltr'><strong><em>ροντας</em></strong></span> <span class='ocrx_word' id='word_1_132' title='bbox 299 1874 333 1938; x_wconf 85' lang='grc' dir='ltr'><strong><em>τό</em></strong></span> <span class='ocrx_word' id='word_1_133' title='bbox 359 1871 533 1954; x_wconf 85' lang='grc' dir='ltr'><strong><em>ἐκτόπωμα.</em></strong></span> <span class='ocrx_word' id='word_1_134' title='bbox 587 1875 613 1936; x_wconf 80' lang='grc' dir='ltr'><strong><em>εί</em></strong></span> <span class='ocrx_word' id='word_1_135' title='bbox 636 1871 697 1958; x_wconf 79' lang='grc' dir='ltr'><strong><em>γὰρ</em></strong></span> <span class='ocrx_word' id='word_1_136' title='bbox 727 1874 844 1955; x_wconf 86' lang='grc' dir='ltr'><strong><em>τείχους</em></strong></span> <span class='ocrx_word' id='word_1_137' title='bbox 867 1899 913 1949; x_wconf 89' lang='grc' dir='ltr'><strong><em>τις</em></strong></span> <span class='ocrx_word' id='word_1_138' title='bbox 935 1880 1057 1958; x_wconf 84' lang='grc' dir='ltr'><strong><em>πρῶτος</em></strong></span> <span class='ocrx_word' id='word_1_139' title='bbox 1082 1873 1193 1957; x_wconf 84' lang='grc' dir='ltr'><strong><em>ἐπέβη,</em></strong></span> <span class='ocrx_word' id='word_1_140' title='bbox 1227 1876 1280 1938; x_wconf 83' lang='grc' dir='ltr'><strong><em>καί</em></strong></span> 
     </span>
     <span class='ocr_line' id='line_1_16' title="bbox 124 1972 1281 2065; baseline 0.001 -24"><span class='ocrx_word' id='word_1_141' title='bbox 124 1984 159 2041; x_wconf 79' lang='grc'><strong><em>15</em></strong></span> <span class='ocrx_word' id='word_1_142' title='bbox 168 1977 286 2059; x_wconf 86' lang='grc' dir='ltr'><strong><em>τείχους</em></strong></span> <span class='ocrx_word' id='word_1_143' title='bbox 310 1973 326 2042; x_wconf 86' lang='grc' dir='ltr'><strong><em>ό</em></strong></span> <span class='ocrx_word' id='word_1_144' title='bbox 351 1977 500 2065; x_wconf 88' lang='grc' dir='ltr'><strong><em>στέφανος</em></strong></span> <span class='ocrx_word' id='word_1_145' title='bbox 527 1972 607 2053; x_wconf 71' lang='grc' dir='ltr'><strong><em>εἶδος</em></strong></span> <span class='ocrx_word' id='word_1_146' title='bbox 632 1974 755 2063; x_wconf 67' lang='grc' dir='ltr'><strong><em>ἔφερεν·</em></strong></span> <span class='ocrx_word' id='word_1_147' title='bbox 787 1976 808 2059; x_wconf 82' lang='grc' dir='ltr'><em>ἢ</em></span> <span class='ocrx_word' id='word_1_148' title='bbox 834 1980 885 2040; x_wconf 82' lang='grc' dir='ltr'><strong><em>καί</em></strong></span> <span class='ocrx_word' id='word_1_149' title='bbox 902 1974 1133 2064; x_wconf 83' lang='grc' dir='ltr'><strong><em>ἐξεπολιόρκησέ</em></strong></span> <span class='ocrx_word' id='word_1_150' title='bbox 1146 2002 1196 2057; x_wconf 78' lang='grc' dir='ltr'><strong><em>τι,</em></strong></span> <span class='ocrx_word' id='word_1_151' title='bbox 1228 1980 1281 2043; x_wconf 85' lang='grc' dir='ltr'><strong><em>καί</em></strong></span> 
     </span>
     <span class='ocr_line' id='line_1_17' title="bbox 165 2076 1283 2169; baseline 0.003 -25"><span class='ocrx_word' id='word_1_152' title='bbox 165 2086 255 2147; x_wconf 83' lang='grc' dir='ltr'><strong><em>τοῦτο</em></strong></span> <span class='ocrx_word' id='word_1_153' title='bbox 282 2080 400 2145; x_wconf 75' lang='grc' dir='ltr'><strong><em>κάκεῖνο</em></strong></span> <span class='ocrx_word' id='word_1_154' title='bbox 426 2077 582 2145; x_wconf 91' lang='grc' dir='ltr'><strong><em>είκόνιστο.</em></strong></span> <span class='ocrx_word' id='word_1_155' title='bbox 633 2076 841 2167; x_wconf 81' lang='grc' dir='ltr'><strong><em>ἐναυκράτησί</em></strong></span> <span class='ocrx_word' id='word_1_156' title='bbox 861 2106 926 2159; x_wconf 85' lang='grc' dir='ltr'><strong><em>τις,</em></strong></span> <span class='ocrx_word' id='word_1_157' title='bbox 957 2083 1065 2146; x_wconf 80' lang='grc' dir='ltr'><strong><em>ναυσίν</em></strong></span> <span class='ocrx_word' id='word_1_158' title='bbox 1088 2077 1104 2145; x_wconf 79' lang='grc' dir='ltr'><strong>ὃ</strong></span> <span class='ocrx_word' id='word_1_159' title='bbox 1130 2081 1283 2169; x_wconf 79' lang='grc' dir='ltr'><strong><em>στέφανος</em></strong></span> 
     </span>
     <span class='ocr_line' id='line_1_18' title="bbox 165 2180 1280 2270; baseline 0.002 -22"><span class='ocrx_word' id='word_1_160' title='bbox 165 2181 365 2268; x_wconf 78' lang='grc' dir='ltr'><strong><em>ἐκεκόσμητο·</em></strong></span> <span class='ocrx_word' id='word_1_161' title='bbox 392 2180 600 2270; x_wconf 77' lang='grc' dir='ltr'><strong><em>ἱπποκράτησέ</em></strong></span> <span class='ocrx_word' id='word_1_162' title='bbox 614 2210 671 2263; x_wconf 82' lang='grc' dir='ltr'><strong><em>τις,</em></strong></span> <span class='ocrx_word' id='word_1_163' title='bbox 698 2180 820 2248; x_wconf 75' lang='grc' dir='ltr'><strong><em>ἱππικόν</em></strong></span> <span class='ocrx_word' id='word_1_164' title='bbox 836 2210 867 2248; x_wconf 92' lang='grc' dir='ltr'><strong><em>τι</em></strong></span> <span class='ocrx_word' id='word_1_165' title='bbox 882 2181 1091 2262; x_wconf 79' lang='grc' dir='ltr'><strong><em>ἐξετετόπωτο.</em></strong></span> <span class='ocrx_word' id='word_1_166' title='bbox 1143 2181 1160 2246; x_wconf 82' lang='grc' dir='ltr'><em>ὃ</em></span> <span class='ocrx_word' id='word_1_167' title='bbox 1177 2187 1280 2250; x_wconf 79' lang='grc' dir='ltr'><strong><em>δέπα·</em></strong></span> 
     </span>
     <span class='ocr_line' id='line_1_19' title="bbox 165 2284 1282 2376; baseline 0 -23"><span class='ocrx_word' id='word_1_168' title='bbox 165 2289 251 2371; x_wconf 89' lang='grc' dir='ltr'><strong><em>λίτην</em></strong></span> <span class='ocrx_word' id='word_1_169' title='bbox 277 2288 345 2355; x_wconf 79' lang='grc' dir='ltr'><strong><em>τινὰ</em></strong></span> <span class='ocrx_word' id='word_1_170' title='bbox 370 2286 403 2352; x_wconf 88' lang='grc' dir='ltr'><strong><em>ἐκ</em></strong></span> <span class='ocrx_word' id='word_1_171' title='bbox 428 2285 532 2372; x_wconf 91' lang='grc' dir='ltr'><strong><em>μάχης</em></strong></span> <span class='ocrx_word' id='word_1_172' title='bbox 556 2285 577 2370; x_wconf 74' lang='grc' dir='ltr'><strong><em>ἢ</em></strong></span> <span class='ocrx_word' id='word_1_173' title='bbox 601 2285 706 2376; x_wconf 76' lang='grc' dir='ltr'><strong><em>ἐτέρου</em></strong></span> <span class='ocrx_word' id='word_1_174' title='bbox 732 2284 873 2354; x_wconf 79' lang='grc' dir='ltr'><strong><em>κινδύνου</em></strong></span> <span class='ocrx_word' id='word_1_175' title='bbox 896 2287 968 2373; x_wconf 82' lang='grc' dir='ltr'><strong><em>ἢέκ</em></strong></span> <span class='ocrx_word' id='word_1_176' title='bbox 985 2288 1161 2374; x_wconf 89' lang='grc' dir='ltr'><strong><em>πολιορκίας</em></strong></span> <span class='ocrx_word' id='word_1_177' title='bbox 1178 2285 1282 2367; x_wconf 82' lang='grc' dir='ltr'><strong><em>σώσας</em></strong></span> 
     </span>
     <span class='ocr_line' id='line_1_20' title="bbox 167 2388 1282 2479; baseline 0.001 -23"><span class='ocrx_word' id='word_1_178' title='bbox 167 2390 308 2476; x_wconf 87' lang='grc' dir='ltr'><strong><em>μέγιστόν</em></strong></span> <span class='ocrx_word' id='word_1_179' title='bbox 331 2416 363 2457; x_wconf 83' lang='grc' dir='ltr'><strong><em>τε</em></strong></span> <span class='ocrx_word' id='word_1_180' title='bbox 381 2388 441 2474; x_wconf 73' lang='grc' dir='ltr'><strong><em>εἶχε</em></strong></span> <span class='ocrx_word' id='word_1_181' title='bbox 457 2392 511 2457; x_wconf 85' lang='grc' dir='ltr'><strong><em>τόν</em></strong></span> <span class='ocrx_word' id='word_1_182' title='bbox 529 2390 651 2456; x_wconf 78' lang='grc' dir='ltr'><strong><em>ἐπαινον</em></strong></span> <span class='ocrx_word' id='word_1_183' title='bbox 667 2394 718 2457; x_wconf 81' lang='grc' dir='ltr'><strong><em>καὶ</em></strong></span> <span class='ocrx_word' id='word_1_184' title='bbox 736 2390 889 2475; x_wconf 86' lang='grc' dir='ltr'><strong><em>ἐλάμβανε</em></strong></span> <span class='ocrx_word' id='word_1_185' title='bbox 907 2392 1058 2479; x_wconf 90' lang='grc' dir='ltr'><strong><em>στέφανον</em></strong></span> <span class='ocrx_word' id='word_1_186' title='bbox 1073 2388 1231 2476; x_wconf 89' lang='grc' dir='ltr'><strong><em>γινόμενον</em></strong></span> <span class='ocrx_word' id='word_1_187' title='bbox 1247 2392 1282 2457; x_wconf 85' lang='grc' dir='ltr'><strong><em>ἐκ</em></strong></span> 
     </span>
     <span class='ocr_line' id='line_1_21' title="bbox 125 2490 1282 2581; baseline 0.005 -26"><span class='ocrx_word' id='word_1_188' title='bbox 125 2492 281 2579; x_wconf 68' lang='grc' dir='ltr'><strong><em>Βοδρυός,</em></strong></span> <span class='ocrx_word' id='word_1_189' title='bbox 314 2493 348 2571; x_wconf 79' lang='grc' dir='ltr'><strong><em>ὃς</em></strong></span> <span class='ocrx_word' id='word_1_190' title='bbox 373 2494 452 2559; x_wconf 81' lang='grc' dir='ltr'><strong><em>πολό</em></strong></span> <span class='ocrx_word' id='word_1_191' title='bbox 477 2492 599 2559; x_wconf 81' lang='grc' dir='ltr'><strong><em>πάντων</em></strong></span> <span class='ocrx_word' id='word_1_192' title='bbox 622 2497 672 2559; x_wconf 77' lang='grc' dir='ltr'><strong><em>καὶ</em></strong></span> <span class='ocrx_word' id='word_1_193' title='bbox 697 2500 758 2561; x_wconf 81' lang='grc' dir='ltr'><strong><em>τῶν</em></strong></span> <span class='ocrx_word' id='word_1_194' title='bbox 783 2495 926 2581; x_wconf 83' lang='grc' dir='ltr'><strong><em>άργνρῶν</em></strong></span> <span class='ocrx_word' id='word_1_195' title='bbox 949 2498 1001 2560; x_wconf 80' lang='grc' dir='ltr'><strong><em>καί</em></strong></span> <span class='ocrx_word' id='word_1_196' title='bbox 1018 2500 1079 2561; x_wconf 80' lang='grc' dir='ltr'><strong><em>τῶν</em></strong></span> <span class='ocrx_word' id='word_1_197' title='bbox 1096 2501 1224 2581; x_wconf 77' lang='grc' dir='ltr'><strong><em>χρυσῶν</em></strong></span> <span class='ocrx_word' id='word_1_198' title='bbox 1239 2490 1282 2572; x_wconf 76' lang='grc' dir='ltr'><strong><em>ὥς</em></strong></span> 
     </span>
     <span class='ocr_line' id='line_1_22' title="bbox 167 2595 1318 2684; baseline 0.001 -19"><span class='ocrx_word' id='word_1_199' title='bbox 167 2595 360 2683; x_wconf 82' lang='grc' dir='ltr'><strong><em>ἐντιμότερος</em></strong></span> <span class='ocrx_word' id='word_1_200' title='bbox 376 2599 586 2682; x_wconf 88' lang='grc' dir='ltr'><strong><em>προτετίμητο.</em></strong></span> <span class='ocrx_word' id='word_1_201' title='bbox 636 2600 687 2663; x_wconf 85' lang='grc' dir='ltr'><strong><em>καί</em></strong></span> <span class='ocrx_word' id='word_1_202' title='bbox 705 2598 741 2664; x_wconf 80' lang='grc' dir='ltr'><strong><em>οὗ</em></strong></span> <span class='ocrx_word' id='word_1_203' title='bbox 759 2599 830 2664; x_wconf 78' lang='grc' dir='ltr'><strong><em>κατ’</em></strong></span> <span class='ocrx_word' id='word_1_204' title='bbox 849 2597 949 2684; x_wconf 75' lang='grc' dir='ltr'><strong><em>ἄνδρα</em></strong></span> <span class='ocrx_word' id='word_1_205' title='bbox 970 2595 1065 2682; x_wconf 87' lang='grc' dir='ltr'><strong><em>μόνον</em></strong></span> <span class='ocrx_word' id='word_1_206' title='bbox 1082 2595 1318 2684; x_wconf 71' lang='grc' dir='ltr'><strong><em>ἀριστεύων-Β</em></strong></span> 
     </span>
     <span class='ocr_line' id='line_1_23' title="bbox 166 2685 1282 2791; baseline 0 -26"><span class='ocrx_word' id='word_1_207' title='bbox 166 2726 207 2766; x_wconf 88' lang='grc' dir='ltr'><strong><em>τα</em></strong></span> <span class='ocrx_word' id='word_1_208' title='bbox 222 2708 320 2765; x_wconf 80' lang='grc' dir='ltr'><strong><em>ταῦτα</em></strong></span> <span class='ocrx_word' id='word_1_209' title='bbox 338 2701 467 2779; x_wconf 81' lang='grc' dir='ltr'><strong><em>ἐδίδοτο,</em></strong></span> <span class='ocrx_word' id='word_1_210' title='bbox 494 2699 572 2765; x_wconf 82' lang='grc' dir='ltr'><strong><em>ἀλλὰ</em></strong></span> <span class='ocrx_word' id='word_1_211' title='bbox 590 2702 640 2765; x_wconf 80' lang='grc' dir='ltr'><strong><em>καί</em></strong></span> <span class='ocrx_word' id='word_1_212' title='bbox 658 2698 760 2784; x_wconf 88' lang='grc' dir='ltr'><strong><em>λόχοις</em></strong></span> <span class='ocrx_word' id='word_1_213' title='bbox 778 2705 830 2768; x_wconf 83' lang='grc' dir='ltr'><strong><em>καί</em></strong></span> <span class='ocrx_word' id='word_1_214' title='bbox 846 2685 1063 2787; x_wconf 82' lang='grc' dir='ltr'><strong><em>στρατοπέδοις</em></strong></span> <span class='ocrx_word' id='word_1_215' title='bbox 1080 2699 1163 2780; x_wconf 83' lang='grc' dir='ltr'><strong><em>ὅλοις</em></strong></span> <span class='ocrx_word' id='word_1_216' title='bbox 1175 2703 1282 2791; x_wconf 84' lang='grc' dir='ltr'><strong><em>παρεί-</em></strong></span> 
     </span>
     <span class='ocr_line' id='line_1_24' title="bbox 162 2802 1282 2893; baseline 0.002 -22"><span class='ocrx_word' id='word_1_217' title='bbox 162 2828 246 2889; x_wconf 85' lang='grc' dir='ltr'><strong><em>χετο.</em></strong></span> <span class='ocrx_word' id='word_1_218' title='bbox 298 2808 349 2869; x_wconf 78' lang='grc' dir='ltr'><strong><em>καί</em></strong></span> <span class='ocrx_word' id='word_1_219' title='bbox 373 2811 434 2871; x_wconf 79' lang='grc' dir='ltr'><strong><em>τῶν</em></strong></span> <span class='ocrx_word' id='word_1_220' title='bbox 456 2802 606 2893; x_wconf 83' lang='grc' dir='ltr'><strong><em>λαφάρων</em></strong></span> <span class='ocrx_word' id='word_1_221' title='bbox 621 2806 720 2871; x_wconf 78' lang='grc' dir='ltr'><strong><em>πολλοὶ</em></strong></span> <span class='ocrx_word' id='word_1_222' title='bbox 736 2807 794 2889; x_wconf 85' lang='grc' dir='ltr'><strong><em>μέν</em></strong></span> <span class='ocrx_word' id='word_1_223' title='bbox 809 2817 873 2884; x_wconf 76' lang='grc' dir='ltr'><strong><em>τοῖς</em></strong></span> <span class='ocrx_word' id='word_1_224' title='bbox 888 2806 1164 2893; x_wconf 74' lang='grc' dir='ltr'><strong><em>στρατευσαμένοις</em></strong></span> <span class='ocrx_word' id='word_1_225' title='bbox 1179 2810 1282 2873; x_wconf 68' lang='grc' dir='ltr'><strong><em>διανε·</em></strong></span> 
     </span>
    </p>
   </div>
   <div class='ocr_carea' id='block_1_3' title="bbox 233 2948 1278 3199">
    <p class='ocr_par' dir='ltr' id='par_1_3' title="bbox 233 2948 1278 3199">
     <span class='ocr_line' id='line_1_25' title="bbox 233 2948 1277 3055; baseline 0.001 -17"><span class='ocrx_word' id='word_1_226' title='bbox 233 2948 317 3038; x_wconf 70' lang='grc' dir='ltr'><strong><em>ἐκαὶ</em></strong></span> <span class='ocrx_word' id='word_1_227' title='bbox 334 2982 529 3053; x_wconf 74' lang='grc' dir='ltr'><strong><em>πανηγυρίζων</em></strong></span> <span class='ocrx_word' id='word_1_228' title='bbox 540 2978 628 3055; x_wconf 86' lang='grc' dir='ltr'><strong><em>ταότη</em></strong></span> <span class='ocrx_word' id='word_1_229' title='bbox 645 2984 679 3037; x_wconf 89' lang='grc' dir='ltr'><strong><em>Β.</em></strong></span> <span class='ocrx_word' id='word_1_230' title='bbox 749 2986 766 3039; x_wconf 84' lang='lat'>5</span> <span class='ocrx_word' id='word_1_231' title='bbox 783 2977 852 3038; x_wconf 73' lang='grc' dir='ltr'><strong><em>ἄλλο</em></strong></span> <span class='ocrx_word' id='word_1_232' title='bbox 869 2984 913 3053; x_wconf 90' lang='grc' dir='ltr'><strong><em>τι]</em></strong></span> <span class='ocrx_word' id='word_1_233' title='bbox 930 2978 996 3035; x_wconf 73' lang='grc' dir='ltr'><strong><em>ἄλλ’</em></strong></span> <span class='ocrx_word' id='word_1_234' title='bbox 1012 2978 1056 3037; x_wconf 84' lang='grc' dir='ltr'><strong><em>ότι</em></strong></span> <span class='ocrx_word' id='word_1_235' title='bbox 1075 2983 1109 3051; x_wconf 86' lang='lat' dir='ltr'><strong><em>C,</em></strong></span> <span class='ocrx_word' id='word_1_236' title='bbox 1126 2976 1190 3035; x_wconf 73' lang='grc' dir='ltr'><strong><em>ἄλλ’</em></strong></span> <span class='ocrx_word' id='word_1_237' title='bbox 1208 2978 1226 3037; x_wconf 84' lang='grc' dir='ltr'><strong><em>δ</em></strong></span> <span class='ocrx_word' id='word_1_238' title='bbox 1244 2984 1277 3039; x_wconf 87' lang='grc' dir='ltr'><strong><em>Β.</em></strong></span> 
     </span>
     <span class='ocr_line' id='line_1_26' title="bbox 237 3044 1278 3123; baseline 0 -15"><span class='ocrx_word' id='word_1_239' title='bbox 237 3054 272 3108; x_wconf 79' lang='grc'><strong><em>13</em></strong></span> <span class='ocrx_word' id='word_1_240' title='bbox 288 3054 336 3122; x_wconf 81' lang='grc' dir='ltr'><strong><em>τε]</em></strong></span> <span class='ocrx_word' id='word_1_241' title='bbox 355 3048 387 3106; x_wconf 73' lang='grc' dir='ltr'><strong><em>δέ</em></strong></span> <span class='ocrx_word' id='word_1_242' title='bbox 404 3054 437 3106; x_wconf 79' lang='grc' dir='ltr'><strong><em>Α.</em></strong></span> <span class='ocrx_word' id='word_1_243' title='bbox 542 3053 610 3123; x_wconf 78' lang='grc' dir='ltr'><strong><em>τῆς]</em></strong></span> <span class='ocrx_word' id='word_1_244' title='bbox 628 3047 680 3115; x_wconf 80' lang='grc' dir='ltr'><strong><em>τάς</em></strong></span> <span class='ocrx_word' id='word_1_245' title='bbox 691 3055 727 3110; x_wconf 83' lang='grc' dir='ltr'><strong><em>Α.</em></strong></span> <span class='ocrx_word' id='word_1_246' title='bbox 840 3055 874 3108; x_wconf 80' lang='lat'><strong><em>14</em></strong></span> <span class='ocrx_word' id='word_1_247' title='bbox 891 3050 934 3119; x_wconf 81' lang='grc' dir='ltr'><strong><em>εί]</em></strong></span> <span class='ocrx_word' id='word_1_248' title='bbox 950 3044 971 3121; x_wconf 80' lang='grc' dir='ltr'><em>ἢ</em></span> <span class='ocrx_word' id='word_1_249' title='bbox 987 3053 1022 3107; x_wconf 81' lang='lat' dir='ltr'><strong><em>C.</em></strong></span> <span class='ocrx_word' id='word_1_250' title='bbox 1132 3070 1174 3114; x_wconf 84' lang='grc' dir='ltr'><strong><em>τις</em></strong></span> <span class='ocrx_word' id='word_1_251' title='bbox 1190 3070 1231 3107; x_wconf 86' lang='lat' dir='ltr'><strong><em>om</em></strong></span> <span class='ocrx_word' id='word_1_252' title='bbox 1244 3055 1278 3107; x_wconf 80' lang='grc' dir='ltr'><strong><em>Α.</em></strong></span> 
     </span>
     <span class='ocr_line' id='line_1_27' title="bbox 235 3115 1278 3199; baseline 0.001 -24"><span class='ocrx_word' id='word_1_253' title='bbox 235 3122 269 3175; x_wconf 76' lang='grc'><strong><em>16</em></strong></span> <span class='ocrx_word' id='word_1_254' title='bbox 289 3118 387 3199; x_wconf 77' lang='grc' dir='ltr'><strong><em>ἔφερεν</em></strong></span> <span class='ocrx_word' id='word_1_255' title='bbox 403 3121 459 3189; x_wconf 83' lang='grc' dir='ltr'><strong><em>ΑΒ,</em></strong></span> <span class='ocrx_word' id='word_1_256' title='bbox 478 3115 592 3191; x_wconf 77' lang='grc' dir='ltr'><strong><em>ἐφέρετο</em></strong></span> <span class='ocrx_word' id='word_1_257' title='bbox 610 3122 679 3178; x_wconf 86' lang='lat' dir='ltr'><strong><em>PW.</em></strong></span> <span class='ocrx_word' id='word_1_258' title='bbox 796 3124 831 3180; x_wconf 88' lang='grc'><strong><em>16</em></strong></span> <span class='ocrx_word' id='word_1_259' title='bbox 847 3116 989 3195; x_wconf 71' lang='grc' dir='ltr'><strong><em>κάκιίνῳί</em></strong></span> <span class='ocrx_word' id='word_1_260' title='bbox 1103 3121 1137 3174; x_wconf 76' lang='lat'><strong><em>21</em></strong></span> <span class='ocrx_word' id='word_1_261' title='bbox 1155 3118 1229 3176; x_wconf 82' lang='grc' dir='ltr'><strong><em>κατά</em></strong></span> <span class='ocrx_word' id='word_1_262' title='bbox 1245 3122 1278 3179; x_wconf 89' lang='grc' dir='ltr'><strong><em>Β.</em></strong></span> 
     </span>
    </p>
   </div>
   <div class='ocr_carea' id='block_1_4' title="bbox 166 3274 1282 3833">
    <p class='ocr_par' dir='ltr' id='par_1_4' title="bbox 166 3274 1282 3833">
     <span class='ocr_line' id='line_1_28' title="bbox 167 3274 1281 3348; baseline 0 -19"><span class='ocrx_word' id='word_1_263' title='bbox 167 3290 213 3329; x_wconf 78' lang='lat' dir='ltr'><strong><em>rur</em></strong></span> <span class='ocrx_word' id='word_1_264' title='bbox 241 3283 387 3328; x_wconf 76' lang='lat' dir='ltr'><strong>convocato</strong></span> <span class='ocrx_word' id='word_1_265' title='bbox 412 3284 506 3329; x_wconf 79' lang='lat' dir='ltr'><strong>renutu</strong></span> <span class='ocrx_word' id='word_1_266' title='bbox 531 3276 638 3329; x_wconf 84' lang='lat' dir='ltr'><strong>decerni</strong></span> <span class='ocrx_word' id='word_1_267' title='bbox 663 3276 715 3331; x_wconf 77' lang='lat' dir='ltr'><strong>ribi</strong></span> <span class='ocrx_word' id='word_1_268' title='bbox 732 3277 892 3348; x_wconf 80' lang='lat' dir='ltr'><strong>triumphum</strong></span> <span class='ocrx_word' id='word_1_269' title='bbox 909 3279 1037 3348; x_wconf 72' lang='lat' dir='ltr'><strong>petebat:</strong></span> <span class='ocrx_word' id='word_1_270' title='bbox 1057 3294 1091 3331; x_wconf 84' lang='lat' dir='ltr'><strong>ro</strong></span> <span class='ocrx_word' id='word_1_271' title='bbox 1109 3274 1246 3346; x_wconf 69' lang='lat' dir='ltr'><strong>suffragiis</strong></span> <span class='ocrx_word' id='word_1_272' title='bbox 1263 3292 1281 3329; x_wconf 90' lang='lat' dir='ltr'><strong>a</strong></span> 
     </span>
     <span class='ocr_line' id='line_1_29' title="bbox 168 3345 1279 3465; baseline 0.001 -68"><span class='ocrx_word' id='word_1_273' title='bbox 168 3350 262 3397; x_wconf 81' lang='lat' dir='ltr'><strong>renutu</strong></span> <span class='ocrx_word' id='word_1_274' title='bbox 282 3345 433 3465; x_wconf 64' lang='lat' dir='ltr'><strong>populoque</strong></span> <span class='ocrx_word' id='word_1_275' title='bbox 449 3346 606 3416; x_wconf 77' lang='lat' dir='ltr'><strong>impetratis,</strong></span> <span class='ocrx_word' id='word_1_276' title='bbox 624 3348 795 3419; x_wconf 77' lang='lat' dir='ltr'><strong>imperatoria</strong></span> <span class='ocrx_word' id='word_1_277' title='bbox 807 3355 1004 3417; x_wconf 76' lang='lat' dir='ltr'>cognomentum</span> <span class='ocrx_word' id='word_1_278' title='bbox 1020 3346 1046 3399; x_wconf 85' lang='lat' dir='ltr'><strong>ei</strong></span> <span class='ocrx_word' id='word_1_279' title='bbox 1063 3348 1279 3400; x_wconf 80' lang='lat' dir='ltr'><strong>confirmabatur.</strong></span> 
     </span>
     <span class='ocr_line' id='line_1_30' title="bbox 168 3412 1281 3487; baseline 0.004 -24"><span class='ocrx_word' id='word_1_280' title='bbox 168 3412 239 3483; x_wconf 89' lang='lat' dir='ltr'><strong>quod</strong></span> <span class='ocrx_word' id='word_1_281' title='bbox 257 3413 281 3465; x_wconf 77' lang='lat' dir='ltr'><strong><em>ri</em></strong></span> <span class='ocrx_word' id='word_1_282' title='bbox 299 3430 314 3465; x_wconf 85' lang='lat' dir='ltr'><strong>a</strong></span> <span class='ocrx_word' id='word_1_283' title='bbox 333 3415 383 3467; x_wconf 89' lang='lat' dir='ltr'><strong>huc</strong></span> <span class='ocrx_word' id='word_1_284' title='bbox 406 3414 433 3466; x_wconf 86' lang='lat' dir='ltr'><strong><em>iu</em></strong></span> <span class='ocrx_word' id='word_1_285' title='bbox 451 3433 482 3468; x_wconf 87' lang='lat' dir='ltr'><strong><em>eo</em></strong></span> <span class='ocrx_word' id='word_1_286' title='bbox 499 3417 654 3484; x_wconf 75' lang='lat' dir='ltr'><strong>magistratu</strong></span> <span class='ocrx_word' id='word_1_287' title='bbox 669 3425 728 3471; x_wconf 82' lang='lat' dir='ltr'><strong>erat</strong></span> <span class='ocrx_word' id='word_1_288' title='bbox 749 3419 777 3471; x_wconf 90' lang='lat' dir='ltr'><strong>in</strong></span> <span class='ocrx_word' id='word_1_289' title='bbox 795 3435 847 3487; x_wconf 86' lang='lat' dir='ltr'><strong>quo</strong></span> <span class='ocrx_word' id='word_1_290' title='bbox 864 3416 1002 3470; x_wconf 80' lang='lat' dir='ltr'><strong>victoriam</strong></span> <span class='ocrx_word' id='word_1_291' title='bbox 1018 3422 1221 3485; x_wconf 74' lang='lat' dir='ltr'><strong>reportaverat,</strong></span> <span class='ocrx_word' id='word_1_292' title='bbox 1246 3432 1281 3468; x_wconf 82' lang='lat' dir='ltr'><strong><em>eo</em></strong></span> 
     </span>
     <span class='ocr_line' id='line_1_31' title="bbox 167 3480 1282 3557; baseline 0.002 -22"><span class='ocrx_word' id='word_1_293' title='bbox 167 3482 246 3535; x_wconf 82' lang='lat' dir='ltr'><strong>otiam</strong></span> <span class='ocrx_word' id='word_1_294' title='bbox 265 3480 292 3533; x_wconf 88' lang='lat' dir='ltr'><strong>in</strong></span> <span class='ocrx_word' id='word_1_295' title='bbox 309 3484 465 3537; x_wconf 75' lang='lat' dir='ltr'>celebritate</span> <span class='ocrx_word' id='word_1_296' title='bbox 481 3486 622 3547; x_wconf 71' lang='lat' dir='ltr'><strong>utebaturr</strong></span> <span class='ocrx_word' id='word_1_297' title='bbox 646 3487 687 3540; x_wconf 83' lang='lat' dir='ltr'><strong><em>tiu</em></strong></span> <span class='ocrx_word' id='word_1_298' title='bbox 710 3496 815 3557; x_wconf 75' lang='lat' dir='ltr'><strong>ternpus</strong></span> <span class='ocrx_word' id='word_1_299' title='bbox 832 3485 890 3539; x_wconf 83' lang='lat' dir='ltr'><strong>eiur</strong></span> <span class='ocrx_word' id='word_1_300' title='bbox 907 3485 1045 3553; x_wconf 68' lang='lat' dir='ltr'><strong>dignitatis</strong></span> <span class='ocrx_word' id='word_1_301' title='bbox 1063 3484 1183 3551; x_wconf 83' lang='lat' dir='ltr'><strong>exierat,</strong></span> <span class='ocrx_word' id='word_1_302' title='bbox 1207 3484 1282 3537; x_wconf 82' lang='lat' dir='ltr'><strong>uliud</strong></span> 
     </span>
     <span class='ocr_line' id='line_1_32' title="bbox 166 3550 1282 3626; baseline 0.002 -22"><span class='ocrx_word' id='word_1_303' title='bbox 166 3566 261 3604; x_wconf 83' lang='lat' dir='ltr'><strong>nomen</strong></span> <span class='ocrx_word' id='word_1_304' title='bbox 273 3550 358 3606; x_wconf 81' lang='lat' dir='ltr'><strong>eidem</strong></span> <span class='ocrx_word' id='word_1_305' title='bbox 370 3554 591 3608; x_wconf 80' lang='lat' dir='ltr'><strong>accommodatum</strong></span> <span class='ocrx_word' id='word_1_306' title='bbox 607 3560 772 3610; x_wconf 72' lang='lat' dir='ltr'><strong>assumebat:</strong></span> <span class='ocrx_word' id='word_1_307' title='bbox 791 3556 900 3626; x_wconf 77' lang='lat' dir='ltr'><strong>privato</strong></span> <span class='ocrx_word' id='word_1_308' title='bbox 917 3554 982 3608; x_wconf 73' lang='grc' dir='ltr'><strong><em>τοίαν</em></strong></span> <span class='ocrx_word' id='word_1_309' title='bbox 999 3553 1161 3625; x_wconf 74' lang='lat' dir='ltr'><strong>triumphare</strong></span> <span class='ocrx_word' id='word_1_310' title='bbox 1178 3570 1231 3605; x_wconf 88' lang='lat' dir='ltr'><strong>nou</strong></span> <span class='ocrx_word' id='word_1_311' title='bbox 1246 3552 1282 3606; x_wconf 89' lang='lat' dir='ltr'><strong>li-</strong></span> 
     </span>
     <span class='ocr_line' id='line_1_33' title="bbox 166 3620 1282 3695; baseline 0.002 -22"><span class='ocrx_word' id='word_1_312' title='bbox 166 3622 254 3676; x_wconf 83' lang='lat' dir='ltr'><strong>oebut.</strong></span> <span class='ocrx_word' id='word_1_313' title='bbox 273 3620 421 3693; x_wconf 84' lang='lat' dir='ltr'><strong>triumpbuli</strong></span> <span class='ocrx_word' id='word_1_314' title='bbox 430 3623 522 3677; x_wconf 86' lang='lat' dir='ltr'><strong>bubitu</strong></span> <span class='ocrx_word' id='word_1_315' title='bbox 531 3633 648 3693; x_wconf 80' lang='lat' dir='ltr'><strong>ornatur,</strong></span> <span class='ocrx_word' id='word_1_316' title='bbox 657 3627 763 3679; x_wconf 76' lang='lat' dir='ltr'><strong>armillis</strong></span> <span class='ocrx_word' id='word_1_317' title='bbox 773 3626 894 3695; x_wconf 76' lang='lat' dir='ltr'><strong>sumptio,</strong></span> <span class='ocrx_word' id='word_1_318' title='bbox 903 3626 995 3679; x_wconf 85' lang='lat' dir='ltr'><strong>luurea</strong></span> <span class='ocrx_word' id='word_1_319' title='bbox 1003 3622 1139 3677; x_wconf 83' lang='lat' dir='ltr'><strong>redimitur</strong></span> <span class='ocrx_word' id='word_1_320' title='bbox 1146 3630 1175 3675; x_wconf 88' lang='lat' dir='ltr'><strong><em>at</em></strong></span> <span class='ocrx_word' id='word_1_321' title='bbox 1182 3638 1282 3675; x_wconf 81' lang='lat' dir='ltr'><strong>ramuru</strong></span> 
     </span>
     <span class='ocr_line' id='line_1_34' title="bbox 166 3690 1282 3777; baseline 0 -32"><span class='ocrx_word' id='word_1_322' title='bbox 166 3690 260 3745; x_wconf 75' lang='lat' dir='ltr'><strong>dextra</strong></span> <span class='ocrx_word' id='word_1_323' title='bbox 272 3698 363 3745; x_wconf 77' lang='lat' dir='ltr'><strong>tenent</strong></span> <span class='ocrx_word' id='word_1_324' title='bbox 374 3694 498 3765; x_wconf 87' lang='lat' dir='ltr'><strong>populum</strong></span> <span class='ocrx_word' id='word_1_325' title='bbox 511 3696 692 3759; x_wconf 67' lang='grc' dir='ltr'><strong><em>τεταρταίαις</em></strong></span> <span class='ocrx_word' id='word_1_326' title='bbox 711 3703 738 3748; x_wconf 79' lang='lat' dir='ltr'><strong><em>et</em></strong></span> <span class='ocrx_word' id='word_1_327' title='bbox 749 3694 878 3748; x_wconf 76' lang='lat' dir='ltr'><strong>militibus</strong></span> <span class='ocrx_word' id='word_1_328' title='bbox 894 3694 1008 3764; x_wconf 81' lang='lat' dir='ltr'><strong>pubiioe,</strong></span> <span class='ocrx_word' id='word_1_329' title='bbox 1026 3694 1183 3777; x_wconf 75' lang='lat' dir='ltr'><strong>quibusdam</strong></span> <span class='ocrx_word' id='word_1_330' title='bbox 1200 3692 1282 3745; x_wconf 85' lang='lat' dir='ltr'><strong>etium</strong></span> 
     </span>
     <span class='ocr_line' id='line_1_35' title="bbox 167 3760 1282 3833; baseline -0.002 -17"><span class='ocrx_word' id='word_1_331' title='bbox 167 3760 278 3816; x_wconf 67' lang='lat' dir='ltr'><strong>mortim</strong></span> <span class='ocrx_word' id='word_1_332' title='bbox 290 3760 403 3815; x_wconf 78' lang='lat' dir='ltr'><strong>laudatio</strong></span> <span class='ocrx_word' id='word_1_333' title='bbox 415 3764 552 3833; x_wconf 87' lang='lat' dir='ltr'><strong>pecuniam</strong></span> <span class='ocrx_word' id='word_1_334' title='bbox 570 3764 687 3817; x_wconf 82' lang='lat' dir='ltr'><strong>donabat</strong></span> <span class='ocrx_word' id='word_1_335' title='bbox 704 3772 733 3817; x_wconf 85' lang='lat' dir='ltr'><strong><em>et</em></strong></span> <span class='ocrx_word' id='word_1_336' title='bbox 750 3772 911 3829; x_wconf 77' lang='lat' dir='ltr'><strong>ornamenta,</strong></span> <span class='ocrx_word' id='word_1_337' title='bbox 930 3773 962 3817; x_wconf 88' lang='lat' dir='ltr'><strong>ut</strong></span> <span class='ocrx_word' id='word_1_338' title='bbox 976 3763 1099 3828; x_wconf 85' lang='lat' dir='ltr'><strong>urmrliar,</strong></span> <span class='ocrx_word' id='word_1_339' title='bbox 1119 3763 1210 3815; x_wconf 72' lang='lat' dir='ltr'><strong>barm</strong></span> <span class='ocrx_word' id='word_1_340' title='bbox 1223 3762 1282 3815; x_wconf 73' lang='lat' dir='ltr'><strong>uiue</strong></span> 
     </span>
    </p>
   </div>
   <div class='ocr_carea' id='block_1_5' title="bbox 167 3832 1282 4042">
    <p class='ocr_par' dir='ltr' id='par_1_5' title="bbox 167 3832 1282 4042">
     <span class='ocr_line' id='line_1_36' title="bbox 167 3832 1282 3956; baseline 0.001 -72"><span class='ocrx_word' id='word_1_341' title='bbox 167 3832 254 3898; x_wconf 82' lang='lat' dir='ltr'><strong>ferro,</strong></span> <span class='ocrx_word' id='word_1_342' title='bbox 280 3838 307 3882; x_wconf 85' lang='lat' dir='ltr'><strong><em>et</em></strong></span> <span class='ocrx_word' id='word_1_343' title='bbox 330 3848 441 3884; x_wconf 79' lang='grc' dir='ltr'><strong><em>οοτοοατ</em></strong></span> <span class='ocrx_word' id='word_1_344' title='bbox 458 3833 518 3885; x_wconf 77' lang='lat' dir='ltr'><strong>aliia</strong></span> <span class='ocrx_word' id='word_1_345' title='bbox 536 3850 631 3886; x_wconf 73' lang='lat' dir='ltr'><strong>auteur</strong></span> <span class='ocrx_word' id='word_1_346' title='bbox 643 3834 700 3885; x_wconf 78' lang='lat' dir='ltr'><strong>aliia</strong></span> <span class='ocrx_word' id='word_1_347' title='bbox 718 3841 868 3901; x_wconf 69' lang='lat' dir='ltr'><strong>argentean,</strong></span> <span class='ocrx_word' id='word_1_348' title='bbox 889 3850 1014 3956; x_wconf 63' lang='lat' dir='ltr'><strong>expresso</strong></span> <span class='ocrx_word' id='word_1_349' title='bbox 1031 3833 1060 3885; x_wconf 87' lang='lat' dir='ltr'><strong>in</strong></span> <span class='ocrx_word' id='word_1_350' title='bbox 1076 3832 1109 3885; x_wconf 78' lang='lat' dir='ltr'><strong><em>iio</em></strong></span> <span class='ocrx_word' id='word_1_351' title='bbox 1127 3832 1233 3884; x_wconf 81' lang='lat' dir='ltr'><strong>uomina</strong></span> <span class='ocrx_word' id='word_1_352' title='bbox 1251 3836 1282 3885; x_wconf 78' lang='lat' dir='ltr'><strong><em>et</em></strong></span> 
     </span>
     <span class='ocr_line' id='line_1_37' title="bbox 167 3900 1282 3972; baseline 0.001 -18"><span class='ocrx_word' id='word_1_353' title='bbox 167 3900 287 3955; x_wconf 79' lang='lat' dir='ltr'><strong>iuoiuore</strong></span> <span class='ocrx_word' id='word_1_354' title='bbox 312 3900 371 3952; x_wconf 86' lang='lat' dir='ltr'><strong>viri.</strong></span> <span class='ocrx_word' id='word_1_355' title='bbox 407 3918 467 3954; x_wconf 85' lang='lat' dir='ltr'><strong>uam</strong></span> <span class='ocrx_word' id='word_1_356' title='bbox 493 3902 538 3970; x_wconf 87' lang='lat' dir='ltr'><strong><em>qui</em></strong></span> <span class='ocrx_word' id='word_1_357' title='bbox 564 3920 663 3955; x_wconf 82' lang='lat' dir='ltr'><strong>rourum</strong></span> <span class='ocrx_word' id='word_1_358' title='bbox 687 3904 787 3972; x_wconf 78' lang='lat' dir='ltr'><strong>primur</strong></span> <span class='ocrx_word' id='word_1_359' title='bbox 808 3918 921 3955; x_wconf 79' lang='lat' dir='ltr'><strong>oouroeu</strong></span> <span class='ocrx_word' id='word_1_360' title='bbox 939 3913 1000 3957; x_wconf 84' lang='lat' dir='ltr'><strong>erat</strong></span> <span class='ocrx_word' id='word_1_361' title='bbox 1015 3909 1063 3957; x_wconf 85' lang='lat' dir='ltr'><strong>aut</strong></span> <span class='ocrx_word' id='word_1_362' title='bbox 1080 3900 1216 3955; x_wconf 71' lang='lat' dir='ltr'><strong>castelium</strong></span> <span class='ocrx_word' id='word_1_363' title='bbox 1234 3916 1282 3955; x_wconf 81' lang='lat' dir='ltr'><strong><em>ex-</em></strong></span> 
     </span>
     <span class='ocr_line' id='line_1_38' title="bbox 168 3970 1282 4042; baseline 0 -20"><span class='ocrx_word' id='word_1_364' title='bbox 168 3976 315 4041; x_wconf 75' lang='lat' dir='ltr'><strong>pugnarat,</strong></span> <span class='ocrx_word' id='word_1_365' title='bbox 339 3971 364 4021; x_wconf 86' lang='lat' dir='ltr'><strong>ei</strong></span> <span class='ocrx_word' id='word_1_366' title='bbox 388 3970 495 4023; x_wconf 72' lang='lat' dir='ltr'><strong>muralia</strong></span> <span class='ocrx_word' id='word_1_367' title='bbox 521 3978 551 4023; x_wconf 85' lang='lat' dir='ltr'><strong><em>et</em></strong></span> <span class='ocrx_word' id='word_1_368' title='bbox 571 3971 741 4025; x_wconf 72' lang='lat' dir='ltr'><strong>obsidionuiir</strong></span> <span class='ocrx_word' id='word_1_369' title='bbox 757 3972 889 4025; x_wconf 78' lang='lat' dir='ltr'><strong>dabaturr</strong></span> <span class='ocrx_word' id='word_1_370' title='bbox 911 3974 957 4042; x_wconf 88' lang='lat' dir='ltr'><strong><em>qui</em></strong></span> <span class='ocrx_word' id='word_1_371' title='bbox 973 3973 1060 4025; x_wconf 75' lang='lat' dir='ltr'><strong>alatro</strong></span> <span class='ocrx_word' id='word_1_372' title='bbox 1077 3972 1197 4039; x_wconf 83' lang='lat' dir='ltr'><strong>vicerat,</strong></span> <span class='ocrx_word' id='word_1_373' title='bbox 1224 3970 1282 4024; x_wconf 78' lang='lat' dir='ltr'><strong>aiut</strong></span> 
     </span>
    </p>
   </div>
   <div class='ocr_carea' id='block_1_6' title="bbox 167 4039 1283 4391">
    <p class='ocr_par' dir='ltr' id='par_1_6' title="bbox 167 4039 1283 4391">
     <span class='ocr_line' id='line_1_39' title="bbox 168 4039 1283 4166; baseline 0 -75"><span class='ocrx_word' id='word_1_374' title='bbox 168 4056 267 4092; x_wconf 85' lang='lat' dir='ltr'><strong>corona</strong></span> <span class='ocrx_word' id='word_1_375' title='bbox 291 4039 381 4108; x_wconf 72' lang='lat' dir='ltr'><strong>specio</strong></span> <span class='ocrx_word' id='word_1_376' title='bbox 402 4040 506 4092; x_wconf 83' lang='lat' dir='ltr'><strong>navium</strong></span> <span class='ocrx_word' id='word_1_377' title='bbox 532 4047 601 4094; x_wconf 81' lang='lat' dir='ltr'><strong>erat:</strong></span> <span class='ocrx_word' id='word_1_378' title='bbox 627 4042 787 4111; x_wconf 81' lang='lat' dir='ltr'><strong>riequoatri</strong></span> <span class='ocrx_word' id='word_1_379' title='bbox 808 4058 898 4126; x_wconf 61' lang='lat' dir='ltr'><strong>pugna</strong></span> <span class='ocrx_word' id='word_1_380' title='bbox 912 4043 1024 4110; x_wconf 79' lang='lat' dir='ltr'><strong>vicerat,</strong></span> <span class='ocrx_word' id='word_1_381' title='bbox 1042 4040 1139 4112; x_wconf 82' lang='lat' dir='ltr'><strong>aliquid</strong></span> <span class='ocrx_word' id='word_1_382' title='bbox 1157 4045 1283 4166; x_wconf 64' lang='grc' dir='ltr'><strong><em>εηαοτέτο</em></strong></span> 
     </span>
     <span class='ocr_line' id='line_1_40' title="bbox 167 4108 1281 4181; baseline 0.001 -20"><span class='ocrx_word' id='word_1_383' title='bbox 167 4108 354 4180; x_wconf 74' lang='lat' dir='ltr'><strong>effingebatur.</strong></span> <span class='ocrx_word' id='word_1_384' title='bbox 390 4108 436 4179; x_wconf 84' lang='lat' dir='ltr'><strong><em>qui</em></strong></span> <span class='ocrx_word' id='word_1_385' title='bbox 454 4126 519 4162; x_wconf 83' lang='lat' dir='ltr'><strong>vero</strong></span> <span class='ocrx_word' id='word_1_386' title='bbox 537 4110 621 4163; x_wconf 82' lang='lat' dir='ltr'><strong>civem</strong></span> <span class='ocrx_word' id='word_1_387' title='bbox 638 4110 667 4163; x_wconf 86' lang='lat' dir='ltr'><strong><em>iu</em></strong></span> <span class='ocrx_word' id='word_1_388' title='bbox 684 4112 785 4181; x_wconf 85' lang='lat' dir='ltr'><strong>praelio</strong></span> <span class='ocrx_word' id='word_1_389' title='bbox 803 4112 940 4165; x_wconf 74' lang='lat' dir='ltr'><strong>obsidione</strong></span> <span class='ocrx_word' id='word_1_390' title='bbox 957 4112 1042 4165; x_wconf 77' lang='lat' dir='ltr'><strong>aliove</strong></span> <span class='ocrx_word' id='word_1_391' title='bbox 1055 4111 1172 4180; x_wconf 85' lang='lat' dir='ltr'><strong>periouio</strong></span> <span class='ocrx_word' id='word_1_392' title='bbox 1194 4110 1281 4162; x_wconf 82' lang='lat' dir='ltr'><strong>ibera-</strong></span> 
     </span>
     <span class='ocr_line' id='line_1_41' title="bbox 168 4176 1280 4251; baseline 0 -22"><span class='ocrx_word' id='word_1_393' title='bbox 168 4184 226 4249; x_wconf 83' lang='lat' dir='ltr'><strong>rat‚</strong></span> <span class='ocrx_word' id='word_1_394' title='bbox 250 4194 308 4231; x_wconf 86' lang='lat' dir='ltr'><strong>cum</strong></span> <span class='ocrx_word' id='word_1_395' title='bbox 326 4194 449 4233; x_wconf 77' lang='lat' dir='ltr'><strong>nummum</strong></span> <span class='ocrx_word' id='word_1_396' title='bbox 467 4179 571 4233; x_wconf 84' lang='lat' dir='ltr'><strong>iuuderu</strong></span> <span class='ocrx_word' id='word_1_397' title='bbox 588 4182 793 4250; x_wconf 70' lang='lat' dir='ltr'><strong>assequebatur,</strong></span> <span class='ocrx_word' id='word_1_398' title='bbox 812 4188 867 4234; x_wconf 82' lang='lat' dir='ltr'><strong>tum</strong></span> <span class='ocrx_word' id='word_1_399' title='bbox 885 4198 1008 4251; x_wconf 83' lang='lat' dir='ltr'><strong>quamam</strong></span> <span class='ocrx_word' id='word_1_400' title='bbox 1025 4197 1149 4233; x_wconf 81' lang='lat' dir='ltr'><strong>coronam</strong></span> <span class='ocrx_word' id='word_1_401' title='bbox 1165 4176 1280 4247; x_wconf 66' lang='lat' dir='ltr'><strong>recipie</strong></span> 
     </span>
     <span class='ocr_line' id='line_1_42' title="bbox 167 4246 1279 4321; baseline -0.001 -21"><span class='ocrx_word' id='word_1_402' title='bbox 167 4246 231 4317; x_wconf 81' lang='lat' dir='ltr'><strong>brt,</strong></span> <span class='ocrx_word' id='word_1_403' title='bbox 248 4248 322 4301; x_wconf 82' lang='lat' dir='ltr'><strong>ouius</strong></span> <span class='ocrx_word' id='word_1_404' title='bbox 338 4248 425 4300; x_wconf 76' lang='lat' dir='ltr'><strong>bonos</strong></span> <span class='ocrx_word' id='word_1_405' title='bbox 444 4248 563 4301; x_wconf 76' lang='lat' dir='ltr'><strong>omnibus</strong></span> <span class='ocrx_word' id='word_1_406' title='bbox 579 4250 714 4321; x_wconf 70' lang='lat' dir='ltr'><strong>argenteio</strong></span> <span class='ocrx_word' id='word_1_407' title='bbox 731 4260 760 4305; x_wconf 87' lang='lat' dir='ltr'><strong><em>ot</em></strong></span> <span class='ocrx_word' id='word_1_408' title='bbox 776 4250 866 4304; x_wconf 77' lang='lat' dir='ltr'><strong>uureir</strong></span> <span class='ocrx_word' id='word_1_409' title='bbox 883 4252 1091 4321; x_wconf 73' lang='lat' dir='ltr'><strong>praeferebatur.</strong></span> <span class='ocrx_word' id='word_1_410' title='bbox 1126 4251 1192 4302; x_wconf 84' lang='lat' dir='ltr'><strong>bueo</strong></span> <span class='ocrx_word' id='word_1_411' title='bbox 1208 4246 1279 4300; x_wconf 77' lang='lat' dir='ltr'><strong>oona</strong></span> 
     </span>
     <span class='ocr_line' id='line_1_43' title="bbox 168 4316 1281 4391; baseline 0.002 -22"><span class='ocrx_word' id='word_1_412' title='bbox 168 4332 222 4369; x_wconf 81' lang='lat' dir='ltr'><strong><em>unu</em></strong></span> <span class='ocrx_word' id='word_1_413' title='bbox 242 4316 351 4373; x_wconf 68' lang='lat' dir='ltr'><strong>viritim·</strong></span> <span class='ocrx_word' id='word_1_414' title='bbox 365 4324 467 4372; x_wconf 80' lang='lat' dir='ltr'><strong>tuntum</strong></span> <span class='ocrx_word' id='word_1_415' title='bbox 489 4318 583 4372; x_wconf 77' lang='lat' dir='ltr'><strong>ted&#39;at</strong></span> <span class='ocrx_word' id='word_1_416' title='bbox 598 4321 751 4375; x_wconf 77' lang='lat' dir='ltr'><strong>cohortibus</strong></span> <span class='ocrx_word' id='word_1_417' title='bbox 769 4328 799 4375; x_wconf 86' lang='lat' dir='ltr'><strong><em>et</em></strong></span> <span class='ocrx_word' id='word_1_418' title='bbox 815 4321 978 4375; x_wconf 81' lang='lat' dir='ltr'><strong>exeruitibu</strong></span> <span class='ocrx_word' id='word_1_419' title='bbox 995 4320 1058 4374; x_wconf 75' lang='lat' dir='ltr'><strong>toti·</strong></span> <span class='ocrx_word' id='word_1_420' title='bbox 1075 4317 1281 4391; x_wconf 84' lang='lat' dir='ltr'><strong>praebebantur.</strong></span> 
     </span>
    </p>
   </div>
   <div class='ocr_carea' id='block_1_7' title="bbox 167 4384 1281 4458">
    <p class='ocr_par' dir='ltr' id='par_1_7' title="bbox 167 4384 1281 4458">
     <span class='ocr_line' id='line_1_44' title="bbox 167 4384 1281 4458; baseline 0.019 -20"><span class='ocrx_word' id='word_1_421' title='bbox 167 4384 308 4455; x_wconf 71' lang='lat' dir='ltr'><strong>spoliorum</strong></span> <span class='ocrx_word' id='word_1_422' title='bbox 328 4404 425 4458; x_wconf 74' lang='lat' dir='ltr'><strong>urguo</strong></span> <span class='ocrx_word' id='word_1_423' title='bbox 446 4404 511 4458; x_wconf 73' lang='lat' dir='ltr'><strong>paru</strong></span> <span class='ocrx_word' id='word_1_424' title='bbox 533 4388 603 4443; x_wconf 78' lang='lat' dir='ltr'><strong>iuter</strong></span> <span class='ocrx_word' id='word_1_425' title='bbox 624 4390 720 4447; x_wconf 78' lang='lat' dir='ltr'><strong>utiliter</strong></span> <span class='ocrx_word' id='word_1_426' title='bbox 740 4390 960 4457; x_wconf 74' lang='lat' dir='ltr'><strong><em>distribuebatur.¹</em></strong></span> <span class='ocrx_word' id='word_1_427' title='bbox 995 4392 1103 4445; x_wconf 81' lang='lat' dir='ltr'><strong>iuoruut</strong></span> <span class='ocrx_word' id='word_1_428' title='bbox 1128 4387 1210 4443; x_wconf 73' lang='lat' dir='ltr'><strong>otim</strong></span> <span class='ocrx_word' id='word_1_429' title='bbox 1232 4386 1281 4458; x_wconf 59' lang='lat' dir='ltr'><strong><em>iffi</em></strong></span> 
     </span>
    </p>
   </div>
   <div class='ocr_carea' id='block_1_8' title="bbox 0 0 1582 4909">
    <p class='ocr_par' dir='ltr' id='par_1_8' title="bbox 0 0 1582 4909">
     <span class='ocr_line' id='line_1_45' title="bbox 0 0 1582 4909; baseline 0 0"><span class='ocrx_word' id='word_1_430' title='bbox 0 0 1582 4909; x_wconf 95' lang='lat' dir='ltr'><strong><em> </em></strong></span> 
     </span>
    </p>
   </div>
  </div>
 </body>
</html>
