3134 4909
577 282 921 389 uunmruuxso.
972 262 975 265 ⁴
1228 320 1303 393 ουτ

192 492 351 559 Ἀντωνίου
368 484 526 553 (inuisum
544 488 623 555 άλλδι
640 492 690 555 καί
714 488 883 556 ἀπώλοντο.
933 492 984 556 καί
1001 490 1055 555 διδ
1069 497 1161 557 τούτο
1177 491 1305 558 ἐπανελ-

191 576 266 662 Tude
289 591 306 659 ὃ
326 588 484 669 Ἀντώνιος
508 592 678 683 ἱππομαχίᾳ
694 596 753 658 τινί
769 594 847 679 πρδς
862 593 917 677 τὴν
933 600 989 659 τοῦ
1005 596 1165 681 Καίσαρος
1180 621 1305 684 προφυ-

198 697 295 780 λακὴν
310 692 440 779 ἡττήθη.
490 698 543 759 καί
568 698 630 761 ἐπεί
653 695 692 761 τά
709 694 862 778 ἐπιτήδεια
880 697 972 762 αύτδν
986 688 1117 782 ἤρξαντο
1134 700 1302 779 ἐπιλείπειν,
1320 715 1345 769 c

197 798 314 883 βουλὴν
331 796 492 881 ἐποιήσατο
509 795 636 885 πότερον
652 799 731 863 κατδ
745 795 853 886 χώραν
871 803 1025 882 μείναντες
1042 801 1307 867 διακινδυνεύσαν-

173 916 250 970 dors
265 900 284 987 ἢ
302 898 503 985 μεταστάντες
514 898 619 989 χρόνῳ
636 900 689 966 τόν
705 900 838 983 πόλεμον
855 904 1035 987 διενίγκωσι.
1081 905 1131 966 καὶ
1148 902 1234 968 ἄλλοι
1250 904 1306 987 μέν
1354 925 1357 930 ’

199 1006 279 1071 dita
302 1001 551 1085 συνεβούλευσαν,
576 1001 596 1087 ἦ
622 1004 658 1068 δέ
677 1029 710 1089 γε
736 1001 922 1091 Κλεοπάτρα
948 1005 987 1070 τὰ
1010 1002 1225 1091 ἐπικαιρότατα
1245 1011 1306 1071 τών

196 1094 318 1193 χωρίων
335 1116 485 1193 φρουραῖς
501 1109 716 1193 παραδοθῆναι
741 1111 792 1171 καί
814 1107 886 1184 τούς
911 1107 1036 1184 λοιπούς
1058 1116 1232 1195 συναπᾶραι
1249 1108 1306 1172 αύ-

199 1220 263 1287 τοΐς
287 1212 330 1287 είς
352 1210 406 1293 τήν
430 1208 590 1293 Αἴγυπτον
613 1207 869 1289 συμβουλεύσασα
891 1212 1017 1294 ἐνίκησε.
1070 1212 1113 1286 είς
1137 1212 1171 1275 δέ
1193 1207 1314 1292 ταύτην·

198 1305 279 1398 ἦλθε
296 1312 351 1394 τὴν
367 1308 489 1396 γνώμην
504 1307 564 1376 siud
580 1304 712 1394 σημείων
729 1318 945 1398 θορυβηθεῖσα
961 1316 1011 1377 καὶ
1030 1313 1062 1376 ἐκ
1075 1317 1131 1395 τῆς
1141 1320 1199 1377 τοῦ
1210 1337 1307 1398 στρα-

158 1429 193 1483 10
201 1415 349 1498 τεύματσς
364 1414 503 1496 ἀθυμίας
520 1416 571 1478 καί
589 1413 761 1498 ἀρρωστίας
779 1417 915 1480 δείσασα.
948 1418 999 1478 καί
1015 1415 1069 1479 τὸν
1082 1412 1241 1481 ’Λντώνιον
1258 1418 1308 1493 ἐξ·

200 1517 359 1606 εφόβησεν.
377 1516 413 1582 ού
429 1518 532 1599 μέντοι
550 1514 656 1601 λάθρα
674 1516 744 1580 odit
758 1516 822 1598 μὴν
840 1524 979 1603 φανερῶς
995 1518 1155 1583 ἐκπλεῦσαι
1172 1514 1214 1593 ὡς
1231 1515 1308 1605 φεύέ

199 1647 300 1707 γσντες
316 1616 546 1701 ἐβουλεύσαντο,
561 1621 613 1683 ἰ’να
629 1610 674 1699 μή
692 1622 734 1695 είς
751 1619 820 1694 δίας
835 1618 908 1695 τσδς
924 1617 1106 1701 συμμάχους
1121 1617 1305 1702 ἐμβάλωσιν,
1322 1620 1347 1671 Ι)

199 1724 269 1789 ἄλλ’
297 1720 339 1800 ώς
361 1725 409 1787 ἐπί
432 1722 605 1813 ναυμαχίαν
620 1718 935 1805 παρασκευαζόμενοι·
960 1723 1125 1786 κάντεῦθεν
1141 1719 1181 1785 τά
1196 1719 1309 1809 άριστα

157 1882 162 1885 .
200 1833 261 1891 τών
277 1832 405 1911 σκαφῶν
422 1820 612 1903 ἐκλεξάμενοι
619 1870 629 1901 ,
655 1822 701 1886 δτι
723 1825 756 1887 ἐκ
772 1830 827 1905 τῆς
844 1830 971 1911 φθορᾶς
986 1847 1018 1888 τε
1035 1825 1086 1887 καί
1102 1829 1158 1903 τῆς
1174 1824 1310 1905 αὐτομο-

160 1937 195 1993 15
203 1930 272 2003 λίας
297 1926 326 1990 oi
352 1925 450 2012 ἐρέται
476 1921 665 2009 ήλάττωντο,
696 1926 890 2011 κατέπρησαν
914 1926 954 1989 τὰ
980 1923 1087 2004 λοιπά,
1112 1929 1164 1990 καὶ
1189 1925 1310 2010 νύκτωρ

201 2027 302 2095 πάντα
318 2028 358 2095 τά
375 2025 542 2111 τιμιώτατα
559 2030 718 2113 λαθραίως
734 2026 919 2109 ἐμβαλόντες
941 2028 1045 2105 αύτσῖς
1062 2030 1168 2111 ἕτοιμα
1193 2032 1235 2107 είς
1258 2030 1310 2095 ἐκ·

201 2140 296 2198 πλουν
309 2134 462 2214 ἐποίησαν.
484 2134 534 2195 καί
548 2131 619 2208 τούς
630 2129 819 2215 στρατιώτας
834 2129 1052 2217 παρεθάρρυνε
1070 2131 1147 2217 πρὸς
1161 2132 1218 2213 τήν
1233 2155 1311 2198 ναυ-

199 2239 314 2320 μαχίαν
328 2237 500 2317 διαλεχθείς
514 2234 617 2311 αύτσΐς
631 2232 646 2299 ὁ
662 2233 828 2311 Ἀντώνιος.
854 2238 905 2298 καί
923 2233 1020 2310 οὕτως
1036 2233 1153 2308 πάντας
1168 2235 1225 2315 μέν
1239 2232 1313 2308 τούς

201 2336 342 2425 πρώτους
357 2346 418 2402 τών
435 2335 586 2425 συνόντων
604 2336 688 2423 αύτῷ
706 2342 749 2412 είς
764 2337 821 2411 τὰς
836 2344 912 2412 ναῦς
928 2338 1113 2416 ἐνεβίβασεν,
1136 2337 1189 2396 ’ίνα
1213 2333 1258 2416 μή
1281 2358 1313 2399 τι

162 2441 418 2521 sussuranensis
434 2436 477 2514 ὡς
493 2435 509 2501 ὁ
524 2438 654 2511 Δέλλιος
670 2440 721 2499 καί
739 2435 826 2499 ἄλλοι
843 2440 922 2511 τινές
938 2432 1210 2517 αὐτομολήσαντες,
1227 2460 1314 2518 πιιμρ

204 2545 335 2623 πληθεῖς
352 2540 384 2602 δέ
401 2542 450 2603 καί
467 2536 593 2615 τοξότας
609 2540 659 2601 καί
677 2535 884 2623 σφενδονήτας
900 2540 951 2600 καὶ
965 2534 1089 2613 ὁπλίτας
1101 2536 1312 2619 ἐνεβιβάσατσ.

202 2639 336 2739 τριήρεις
351 2642 407 2723 μέν
423 2640 482 2728 γάρ
499 2640 601 2730 ὀλίγας
618 2638 703 2723 εἶχεν,
722 2639 754 2705 αἱ
772 2642 805 2705 δέ
820 2642 925 2704 λοιπαί
941 2637 1094 2728 τετρήρεις
1110 2644 1160 2704 καί
1176 2639 1311 2729 δεκήρεις
1326 2654 1375 2708 Pl
1384 2650 1438 2707 526

201 2736 282 2827 ἦσαν
299 2746 394 2833 αὐτῷ.

229 2950 231 2955 v
271 2924 360 2977 2snu
400 2918 447 2990 χίρι
464 2920 498 2977 G.
586 2916 669 2973 δκαλ
686 2910 757 2988 ἐπεί]
775 2912 873 2989 ἐπειδή
889 2920 922 2987 Δ,
939 2915 989 2973 καλ
1005 2915 1103 2989 ἐπειδή
1119 2922 1181 2975 Dio.
1262 2916 1311 2990 τά]

271 2990 351 3045 saie
389 2989 439 3043 Ac
457 2989 519 3042 Dio.
593 2984 681 3110 ὃτήν
698 3006 738 3041 om
757 2989 789 3041 C.
867 2992 899 3043 12
916 2985 945 3049 ἐς
962 2989 992 3041 Β.
1062 2988 1096 3042 16
1112 2985 1260 3058 τιμιώτερα
1277 2989 1311 3046 Δ.

273 3060 306 3114 18
325 3054 423 3122 αὐτοῖς
439 3075 480 3111 om
498 3058 531 3113 B.
599 3058 633 3110 21
666 3054 837 3127 νεβιβοὶσατο
852 3059 876 3112 Δ
892 3058 955 3128 Dio,
971 3051 1118 3128 ἐνεβίβασε
1134 3058 1204 3112 l’W.

204 3212 336 3265 Antonios
358 3210 474 3280 equestri
501 3209 645 3281 sartamine·
670 3226 727 3263 eum
751 3210 844 3279 primis
866 3210 992 3261 Caesaris
1014 3209 1133 3263 excubiis
1156 3223 1314 3277 congressas

205 3280 352 3336 succubuit.
387 3288 415 3332 st
431 3280 494 3348 quia
511 3287 671 3331 commeatus
689 3280 799 3348 penuria
816 3280 939 3331 laborare
955 3279 1115 3347 incipiebat,
1139 3278 1248 3330 oonsilio
1273 3276 1315 3330 ln-

205 3348 276 3403 dioto
295 3349 452 3401 deliberavit
468 3364 503 3400 an
519 3348 673 3400 manendum
690 3356 717 3399 et
735 3348 830 3400 Martia
847 3346 905 3399 alea
922 3348 1109 3415 periclitanda,
1127 3364 1161 3400 au
1180 3364 1244 3400 vero
1262 3347 1315 3399 alio

205 3418 352 3471 &eundum
370 3426 398 3470 st
413 3417 510 3469 bellum
528 3416 671 3469 ducendum
691 3425 771 3469 esset.
807 3416 867 3467 aliis
884 3415 955 3467 aliud
973 3418 1140 3469 censentibus
1155 3416 1315 3486 Cleopatrae

205 3486 340 3541 sententia
356 3486 434 3551 vicit,
457 3494 487 3539 ut
504 3484 731 3555 opportunissimis
748 3484 813 3535 locis
830 3484 963 3552 praesidia
980 3485 1191 3554 imponerentur,
1217 3485 1317 3538 caeteri
1349 3503 1353 3511 ·

205 3572 293 3609 seeum
310 3555 339 3607 in
356 3555 393 3606 Ae
414 3564 502 3623 yptum
519 3554 685 3623 navigarent.
720 3551 747 3603 id
773 3560 859 3605 autem
882 3552 984 3605 consilii
1008 3552 1081 3621 cepit
1097 3560 1151 3606 turn
1169 3554 1237 3622 quod
1255 3570 1319 3625 pro·

162 3644 164 3653 ¹
205 3623 284 3693 digiis
302 3574 455 3692 quibusdam
473 3626 642 3688 terrebatur,
666 3631 722 3675 tum
745 3620 806 3688 quia
823 3622 957 3672 exercitus
974 3621 1185 3691 desperationem
1204 3631 1231 3676 et
1247 3638 1318 3675 mor-

205 3696 266 3747 bum
284 3693 403 3744 timebat.
436 3692 550 3744 Antonio
573 3706 677 3760 quoque
699 3696 828 3740 terrorem
846 3690 967 3741 incussit.
1002 3692 1049 3743 sed
1067 3691 1131 3759 quia
1147 3706 1234 3760 neque
1251 3691 1317 3744 elam

205 3778 290 3831 nequa
309 3760 387 3813 etiam
406 3768 496 3829 aperte
513 3767 637 3829 tanquam
655 3758 789 3827 fugientes
807 3758 882 3809 abire
899 3758 1032 3826 volebant,
1049 3778 1082 3813 ne
1099 3760 1179 3812 sociis
1190 3767 1318 3813 terrorem

204 3832 368 3895 insument,
393 3830 441 3881 sed
459 3838 580 3899 tanquam
599 3829 632 3879 ad
650 3844 764 3896 pugnam
782 3826 868 3894 parati
885 3829 997 3879 navibus
1015 3830 1119 3899 optimis
1140 3829 1265 3897 delectis,
1290 3835 1319 3880 et

206 3900 265 3970 quin
282 3900 373 3951 morbo
391 3904 418 3949 et
434 3898 591 3965 transfugiis
610 3898 733 3965 remigum
750 3896 901 3947 imminutas
918 3906 978 3948 erat
992 3914 1123 3963 numerus,
1140 3896 1249 3965 reliquis
1262 3914 1319 3949 cre-

205 3968 281 4023 matis
298 3975 327 4019 et
345 3974 424 4019 noctu
442 3966 636 4034 pretiosissimis
653 3966 803 4033 quibusque
821 3966 901 4015 rebus
919 3966 983 4017 clam
999 3968 1078 4019 illatis
1095 3968 1129 4019 sd
1143 3966 1318 4033 navigandum

176 4094 180 4101 ,
206 4054 235 4090 se
250 4038 444 4089 instruxerunt.
480 4035 611 4086 Antonius
628 4036 721 4087 milites
738 4051 788 4104 pro
806 4034 928 4086 contione
946 4035 978 4087 ad
997 4052 1109 4105 pugnam
1126 4034 1259 4099 incitavit,
1277 4038 1318 4084 st·

206 4121 257 4174 que
273 4107 311 4157 lta
349 4106 456 4157 rimosas
473 4118 560 4155 omues
576 4102 742 4156 familiarium
760 4118 866 4155 suorum
881 4103 909 4154 in
933 4120 1013 4157 naves
1031 4106 1169 4174 imposuit,
1195 4120 1229 4153 ne
1252 4100 1318 4167 quid

205 4176 266 4226 nori
285 4122 456 4237 ταράττηται,
484 4180 513 4222 ut
530 4170 630 4223 Dellius
649 4178 676 4223 et
693 4174 738 4225 alii
755 4174 911 4241 uansrngae
930 4175 1055 4227 lecerunt.
1091 4190 1168 4242 qaam
1192 4166 1318 4239 plurimos

206 4244 285 4295 «iam
301 4244 459 4306 funditores,
477 4240 632 4309 sagittarios
649 4248 676 4293 et
693 4250 807 4295 armatos
823 4242 957 4311 imposuit.
991 4243 1114 4297 ττὶτεατστ
1132 4238 1200 4292 enim
1217 4249 1316 4311 paucas

205 4310 333 4367 habmus
350 4316 471 4367 caeterae
488 4308 666 4377 quadriremes
683 4314 711 4364 et
727 4312 872 4365 desiremes
888 4318 974 4368 eraut.
1221 4336 1228 4347 ·
1282 4315 1286 4323 '
