3134 4909
291 266 367 339 εει
648 234 822 334 lomois
848 262 1045 332 somnis

396 432 496 516 Οὗτος
518 439 550 505 d‘
578 436 595 504 6
621 436 821 527 αὐτοκράτωρ
841 440 993 513 Φίλιππος
1011 435 1087 521 πρὸς
1104 428 1233 511 Σκύθας
1249 427 1402 519 ἀράμενος

290 543 423 626 πόλεμον
440 547 482 620 είς
493 539 614 626 Ῥώμην
628 544 810 626 ἐπανῆλθεν.
849 541 881 606 ἓν
898 542 932 605 dd
949 542 1076 615 Μυσοῖς
1092 532 1238 623 Μαρῖνύς
1254 560 1300 612 τις
1314 540 1401 613 ταξι-

289 644 386 733 άρχης
402 644 446 712 ὢν
462 644 547 734 παρὰ
564 651 624 712 τῶν
641 652 837 733 στρατιωτῶν
852 641 1024 724 βασιλεύειν
1036 640 1147 729 ᾑρίθη.
1173 640 1223 703 καί
1242 639 1294 703 διὰ
1309 646 1400 705 τοῦτο

288 746 306 814 6
334 754 485 826 Φίλιππος
511 746 704 836 τεθορύβητο
711 798 721 828 ,
754 752 805 813 καλ
829 753 869 834 τῇ
892 743 1050 833 συγκλήτῳ
1075 742 1230 826 διειλίχθη
1253 743 1321 828 περί
1345 748 1403 825 τῆς

153 866 172 919 Ρ
189 863 202 916 1
219 863 272 919 out
289 848 434 930 στάσεως.
481 858 543 919 τῶν
559 851 662 917 ἀλλων
679 854 713 917 dd
728 848 912 918 σιωπώντων
929 846 945 914 6
964 849 1075 924 Δέκιος
1089 846 1133 930 μὴ
1151 848 1214 911 δεῖν
1231 846 1428 932 φροντίζεινό

289 954 370 1022 εἶπεν
386 955 470 1043 αύτῷ
486 957 554 1041 περὶ
572 964 626 1023 τοῦ
645 957 792 1042 Μαρίνου
801 1003 811 1034 ,
839 951 881 1030 ὥς
904 954 979 1039 παρ’
1001 951 1101 1016 αὐτῶν
1120 949 1401 1034 ἀναιρεθησομίνου

287 1065 350 1125 τῶν
367 1065 573 1145 στρατιωτῶν,
598 1054 650 1123 οἷα
666 1059 793 1136 ἀναξίου
811 1062 865 1141 τῆς
881 1057 1040 1137 βασιλείας
1057 1050 1267 1138 τυγχάνοντος.
1295 1048 1313 1115 6
1328 1050 1399 1134 μετ’

289 1162 392 1246 ἀλίγον
409 1162 487 1226 κατὰ
504 1161 559 1243 τὴν
576 1162 688 1227 ἐκείνου
705 1161 806 1245 γίγονε
823 1158 1001 1245 πρόρρησιν.
1048 1153 1219 1239 θαυμάσας
1236 1146 1289 1219 οὖν
1305 1150 1321 1219 6
1342 1154 1403 1217 Φί-

290 1270 399 1341 λιππος
417 1264 468 1328 διὰ
485 1270 575 1329 τούτο
598 1264 652 1329 τὸν
669 1265 791 1343 Δίκιον,
818 1262 963 1328 ἀπελθεῖν
984 1260 1181 1346 προετρέπετο
1207 1261 1248 1334 είς
1272 1257 1403 1323 Μυσίαν

290 1370 341 1432 καί
368 1365 498 1432 κολάσαι
524 1366 596 1443 τούς
621 1369 738 1445 αἰτίους
763 1374 818 1451 τῆς
844 1363 989 1441 στάσεως.
1040 1360 1057 1427 6
1086 1362 1121 1427 di
1146 1360 1201 1445 τὴν
1228 1358 1401 1443 ἀποστολὴν
1411 1372 1449 1425 10

289 1479 463 1558 παρῃτεῖτο,
490 1469 584 1554 λέγων
606 1468 691 1553 μήθ’
718 1467 817 1559 ἑαυτῷ
833 1466 910 1551 μήτε
926 1472 972 1555 τῷ
988 1466 1142 1532 στίλλοντι
1160 1464 1326 1549 συμηίρειν
1344 1461 1401 1527 usi-

290 1572 344 1638 τάν
361 1575 424 1637 ἐκεῖ
437 1572 593 1637 ἀπελθεῖν.
636 1570 653 1638 6
672 1574 706 1638 dd
725 1574 877 1661 Φίλιππος
894 1573 944 1636 καί
963 1568 1005 1633 ἔτι
1022 1567 1158 1633 ἓνίκειτο.
1186 1566 1336 1641 κάκεῖνος
1352 1568 1403 1645 καί

291 1674 375 1740 ἀκων
391 1672 497 1763 ἀπῄει·
523 1677 575 1739 καί
598 1673 774 1741 ἀπελθόντα
798 1673 894 1751 εύθάς
916 1672 1009 1738 αὐτὸν
1026 1671 1056 1735 oi
1072 1676 1257 1756 depositisunt
1273 1669 1404 1750 βασιλία

290 1776 481 1865 εύφὴμησαν.
534 1784 589 1843 τοῖν
614 1780 648 1843 dd
673 1779 926 1859 ἀπαναινομίνου,
952 1775 991 1840 sd
1017 1775 1090 1861 ξίφη
1108 1771 1296 1853 σπασάμενοι
1314 1772 1404 1849 ἀίξα-

291 1885 371 1945 σθαι
388 1880 482 1946 αύτιλν
498 1877 675 1965 ἠνάγκασαν
690 1881 745 1965 τὴν
762 1878 869 1968 ἀρχήν.
921 1875 1033 1965 γράφει
1057 1868 1111 1942 osio
1133 1877 1250 1941 ἐκεῖθεν
1273 1880 1315 1963 τῷ
1342 1878 1449 1940 dis-15

290 1984 392 2070 λίππῳ
408 1982 453 2065 μὴ
470 1989 682 2069 ταραχθῆναι·
717 1987 743 2049 εἰ
765 1986 824 2069 γάρ
850 1983 987 2063 ἐπισταίη
1010 1986 1049 2066 τῇ
1068 1976 1187 2065 Ῥώμῃ,
1213 1974 1403 2060 duodicem

251 2095 275 2151 ii
292 2085 332 2150 sd
349 2091 404 2167 τῆς
419 2087 578 2167 βασιλείας
595 2083 774 2172 παράσημα.
820 2085 893 2149 ἀλλ’
913 2080 1083 2165 ἀπιστήσας
1100 2080 1198 2170 τούτῳ
1217 2078 1232 2145 6
1254 2082 1404 2157 Φίλιππος

292 2184 504 2274 ίξεστράτευσε
528 2190 598 2253 κατ’
624 2189 735 2254 adsoni·
761 2190 812 2252 καί
836 2185 1003 2268 συμβαλεῖν
1020 2194 1084 2262 τοῖς
1099 2191 1155 2251 τοῦ
1171 2185 1285 2249 Δεκίου
1302 2182 1404 2248 ἔπεσεν

292 2294 324 2356 ἐν
348 2302 412 2367 τοῖς
435 2288 568 2379 πράτοις
589 2289 822 2378 ἀγωνιζόμενος·
855 2291 912 2356 σὺν
935 2288 1020 2377 αὐτῷ
1046 2289 1153 2352 δὲκαὶ
1178 2284 1193 2352 6
1219 2286 1285 2363 υἱὸς
1309 2285 1403 2351 αύτοῖι

292 2392 427 2481 ἀνῄρητο
455 2398 615 2471 Φίλιππος.
667 2387 710 2461 ὧν
737 2384 896 2460 θανόντων
922 2398 965 2479 τῷ
987 2390 1089 2478 Δεκίῳ
1113 2388 1282 2473 ξύμπαντες
1305 2396 1449 2476 προσ-λθ

291 2495 461 2582 εχιύρησαν.
512 2499 687 2578 ἐβασίλευσε
706 2498 740 2562 dd
756 2497 834 2562 κατὰ
850 2496 907 2579 μίν
922 2520 1006 2572 τινας
1023 2494 1108 2558 πέντε
1126 2490 1283 2570 ἐνιαυτούς
1288 2539 1298 2571 ,
1324 2490 1404 2556 καθ’

293 2596 416 2685 ἱτίροος
433 2599 467 2663 dd
482 2594 516 2675 t}
533 2600 581 2661 ίπί
597 2597 753 2675 τοσούτοις
768 2600 871 2681 μησίν.
898 2595 1021 2683 ὥρμητο
1040 2597 1072 2662 d'
1092 2596 1125 2659 ίκ
1144 2593 1302 2680 Βύστρων,
1327 2592 1405 2661 ὅπου

292 2702 343 2764 καὶ
358 2698 447 2765 πάλιν
462 2695 648 2779 βασιλεύσας
664 2685 824 2783 ἐπώνυμον
841 2697 941 2788 {auspi
957 2697 1140 2783 ἔδομήσατο,
1161 2695 1406 2767 Φιλιππούπολιν

292 2798 571 2884 ἀνομάσαςαύτήν.
1218 2880 1225 2893 ⁸

363 2914 481 2987 Ιοάτος
496 2926 589 2995 ch,
616 2920 713 2989 Ούτως
731 2930 762 2980 P.
885 2928 1020 2995 φίλιππος
1036 2925 1123 2995 inc,
1147 2922 1162 2980 6
1183 2927 1320 2989 Φίλιππος
1338 2926 1405 2980 PW.

363 2996 399 3053 19
416 2999 476 3056 τοῖς
490 3014 531 3050 om
549 2997 581 3051 A.
685 2994 734 3050 καλ
751 3014 794 3051 om
810 2997 843 3053 Α.
947 2996 982 3051 tt
998 2992 1142 3058 τοσούτοις
1156 2995 1241 3066 μησίν
1257 2997 1290 3065 Α,
1308 2992 1406 3051 τοσού-

363 3082 430 3127 τους
445 3066 535 3134 μῆνας
551 3064 620 3119 PW.

397 3167 452 3220 iiie
477 3173 566 3222 sutem
582 3166 722 3237 Philippus
746 3165 889 3237 imperator
911 3184 968 3221 cum
990 3171 1113 3237 suscepto
1138 3168 1268 3222 adversus
1290 3167 1406 3235 Scythas

294 3236 363 3290 bsiio
380 3236 487 3290 Romsm
503 3237 642 3304 rediisset,
667 3234 788 3289 Marinus
811 3236 916 3306 quidum
940 3237 1060 3290 ordinum
1085 3238 1179 3291 ductor
1203 3236 1363 3292 militibus
1380 3236 1408 3288 in

294 3306 398 3359 Moesis
416 3306 558 3375 imperator
579 3313 622 3358 sst
646 3306 771 3361 deiectus.
809 3324 861 3373 qua
878 3306 1010 3359 seditione
1027 3308 1148 3359 turbatus
1166 3324 1223 3360 curn
1242 3326 1257 3359 n
1277 3308 1311 3359 ud
1329 3321 1408 3358 sons-

294 3384 350 3427 ton
366 3376 451 3427 verbo
469 3374 587 3440 faceret3
611 3373 722 3427 coeteris
739 3376 907 3442 tacentibus,
935 3377 968 3427 de
987 3376 1091 3429 Morino
1117 3376 1142 3427 si
1166 3393 1217 3428 non
1236 3325 1406 3427 iaiorandum

296 3460 356 3496 esso
371 3443 440 3496 dixit
455 3442 563 3509 Decius,
581 3442 662 3511 qnod,
681 3450 711 3494 nt
726 3442 801 3497 bomo
819 3461 899 3513 regno
917 3444 1056 3515 indignus,
1075 3444 1142 3498 uitro
1160 3463 1177 3497 s
1194 3443 1320 3496 militibus
1338 3444 1408 3495 occi·

296 3512 397 3565 dendus
412 3510 500 3566 essotz
517 3514 598 3585 idque
616 3518 648 3563 ut
664 3510 707 3563 iiio
724 3514 901 3580 praedixerat,
921 3516 997 3584 panio
1016 3524 1076 3585 post
1093 3513 1198 3567 accidit.
1216 3530 1269 3581 qus
1281 3514 1314 3565 ds
1326 3529 1407 3566 csuss

294 3580 429 3648 Phiiippus
455 3582 561 3635 Decium
589 3580 732 3633 admiratus
758 3582 787 3633 in
814 3583 938 3636 Moesiam
971 3584 1045 3635 ubire
1069 3590 1097 3634 st
1119 3582 1256 3634 seditionis
1283 3590 1407 3635 auctores

314 3647 389 3702 unire
406 3649 494 3705 iussit.
527 3651 553 3701 is
576 3666 640 3701 soro
664 3666 721 3702 eum
744 3649 914 3720 lupodunum,
937 3652 1008 3720 quod
1031 3668 1080 3702 neo
1105 3652 1158 3704 sibi
1182 3668 1266 3719 nsque
1292 3650 1405 3704 mittenti

326 3727 385 3771 turs
403 3725 476 3769 esset
491 3718 578 3783 utilis,
596 3718 767 3787 deprecatus,
784 3728 872 3774 tamen
891 3728 1000 3789 urgente
1017 3719 1141 3789 Philippo
1158 3720 1226 3773 sbiit
1245 3718 1361 3785 invitus,
1378 3730 1408 3773 et

296 3786 456 3845 umiiitibus
471 3786 559 3838 statim
579 3786 680 3840 strictis
697 3789 803 3841 ensibus
821 3790 943 3859 accipere
966 3788 1114 3857 imperium,
1141 3786 1308 3858 quantumvis
1330 3804 1408 3840 recu-

297 3868 377 3923 εετεε,
395 3863 512 3921 conotus,
528 3854 651 3939 Phiiippo
668 3857 763 3910 scribit
780 3876 813 3909 ne
830 3860 967 3911 turbetuss
987 3874 1016 3908 so
1034 3858 1119 3924 enim,
1137 3859 1182 3911 ubi
1199 3858 1306 3909 Romam
1323 3874 1405 3908 vens-

294 3926 342 3991 rit‚
361 3925 504 3995 positurum
522 3940 581 3975 esse
598 3924 713 3992 msignis
731 3926 843 3997 imperii.
870 3924 941 3997 quod
960 3926 1096 3996 Phiiippus
1114 3942 1166 3979 non
1184 3926 1295 3993 qrsdsns
1311 3924 1406 3979 bellum

297 3994 324 4047 ei
341 3993 445 4046 intulit:
469 3993 658 4061 commissoque
682 3996 782 4063 proelio
806 3994 832 4047 in
858 3996 941 4064 primu
964 3996 1024 4048 scie
1048 3996 1173 4049 dimicans
1198 4012 1249 4048 uns
1272 4012 1330 4047 cum
1352 3994 1406 4046 fiiio

296 4062 417 4133 Phiiippo
443 4061 548 4115 cecidit.
585 4062 680 4132 quibus
704 4064 814 4117 subistis
839 4063 958 4117 universi
983 4082 1012 4117 ss
1036 4064 1069 4117 ad
1095 4066 1204 4118 Decium
1230 4064 1405 4116 contulerunt.

296 4132 420 4200 regnavit
436 4138 532 4198 sutem,
549 4136 579 4183 ut
596 4131 701 4199 quidum
718 4134 842 4201 tradunt,
860 4149 944 4186 annos
960 4134 1091 4203 quinque,
1110 4144 1139 4188 nt
1156 4134 1214 4201 aiii,
1231 4150 1278 4185 sex
1296 4142 1323 4185 ot
1339 4132 1406 4184 toti-

296 4202 354 4254 dens
371 4218 482 4255 nenses.
518 4199 571 4254 fuit
586 4200 691 4255 Bostris
709 4202 848 4257 oriundum
874 4202 936 4271 ubi,
960 4219 1042 4274 regno
1060 4204 1178 4273 potitus,
1203 4200 1407 4273 Philippopolim
1430 4259 1435 4271 ,

296 4268 331 4323 do
348 4286 396 4323 suo
414 4270 518 4328 domins
537 4268 664 4325 condidit.
