3134 4909
585 277 800 345 ιιιυιιισιι
818 280 855 344 x
880 278 932 345 ee.
1051 221 1068 385 J
1208 277 1317 347 ’τοι

213 441 291 529 μήτ’
311 443 458 511 ἀπειπεῖν
473 450 663 531 θαρροῦντες
678 444 754 531 μήτε
772 454 889 514 σιωπᾶν
904 431 1120 531 ύπομένοντες,
1137 452 1193 529 τῆς
1208 445 1324 525 πόλεως

213 547 440 632 ἐκχωρήσαντες
457 549 598 630 ἀπῆλθον
614 550 691 635 πρὸς
706 553 760 617 τὸν
779 548 946 628 Ἀντώνιον,
970 552 1022 616 καλ
1043 556 1105 616 τών
1128 549 1230 615 ἄλλων
1245 557 1324 632 βου-

213 656 330 716 λευτῶν
346 654 401 717 οὐκ
416 652 510 736 ὀλίγοι
528 653 632 735 αὐτοῖς
648 652 953 735 συναπεληλύθασιν·
978 655 1029 718 καλ
1047 645 1140 729 αὖθις
1157 654 1253 737 ἕτεροι
1270 653 1324 717 τδν

210 750 369 820 ’Λντώνιον
394 752 528 831 λιπόντες
553 762 601 844 τῷ
624 758 761 840 Καίσαρι
785 754 1033 841 προσεχώρησαν,
1066 755 1113 820 δτι
1135 752 1190 837 τήν
1212 780 1246 821 τε
1270 762 1325 837 τῆς

191 855 378 937 5Ὀκταβίας
400 861 572 941 συνοίκησιν
595 860 743 925 ἀπείπατο
766 861 817 923 καί
843 857 951 944 ὅτιτῇ
967 855 1153 947 Κλεοπάτρᾳ
1176 856 1324 938 ήχδοντο.

215 959 248 1034 ἐξ
265 948 307 1023 ών
322 959 435 1041 μαθών
453 956 469 1025 ὅ
488 963 611 1047 Καῖσαρ
628 959 668 1025 τύ
684 987 717 1027 τε
736 960 817 1025 ἄλλα
838 968 894 1026 τοῦ
913 961 1074 1025 Ἀντωνίου
1098 962 1150 1024 καί
1173 961 1228 1037 τὰς
1254 964 1324 1025 διαι-

214 1058 318 1142 θήκας
335 1062 428 1127 αύτοῦ
446 1066 496 1127 καλ
514 1064 597 1149 παρὰ
614 1066 673 1129 τίνι
688 1060 861 1148 ἐτύγχανον,
887 1062 982 1144 ἐλαβέ
995 1089 1028 1128 τε
1046 1062 1142 1138 αύτύς
1158 1064 1209 1126 καλ
1227 1065 1325 1145 δημο-

215 1165 267 1251 σίᾳ
285 1163 408 1247 ύνίγνω,
432 1172 560 1247 πρᾶγμα
577 1165 706 1249 ποιήσας
728 1162 1000 1251 παρανομώτατον.
1050 1162 1203 1248 τοσαύτην
1222 1166 1255 1229 δέ
1272 1164 1325 1229 διδ

213 1265 254 1331 τὰ
266 1268 458 1350 γεγραμμένα
470 1267 563 1351 ὀργήν
580 1271 630 1333 καί
649 1269 677 1332 οἳ
692 1267 772 1333 πάνυ
790 1272 892 1355 ἐκείνῳ
908 1269 1117 1353 προσκείμενοι
1129 1268 1323 1345 ἐνεδείξαντο,
1339 1279 1363 1331 c

174 1381 209 1434 10
217 1365 294 1432 ὥστε
311 1367 367 1449 τήν
383 1394 415 1433 τε
432 1366 577 1435 ὑπατείαν
593 1372 646 1434 καὶ
665 1371 719 1452 τὴν
736 1370 832 1453 ἄλλην
855 1370 978 1435 ἅπασαν
995 1373 1133 1446 ἐξουσίαν
1151 1370 1326 1456 ἀφείλοντο,

215 1472 264 1533 καί
288 1480 352 1547 τοῖς
376 1479 519 1537 συνοῦσιν
543 1470 628 1559 αύτῷ
646 1470 752 1537 ἄδειαν
773 1476 823 1537 καί
841 1474 996 1549 ἐπαίνους,
1017 1472 1070 1536 ἐὰν
1087 1473 1326 1556 ἐγκαταλίπωσιν

213 1570 316 1650 αύτδν,
337 1576 545 1659 ἐψηφίσαντο·
571 1578 622 1638 καί
640 1581 678 1658 τῇ
697 1573 882 1665 Κλεοπάτρᾳ
898 1572 1030 1656 πόλεμον
1047 1572 1224 1659 ἐπήγγειλαν
1241 1572 1326 1639 ‹ivst-

213 1700 304 1758 κρυς,
332 1674 366 1752 ὃς
382 1682 502 1759 μᾶλλον
518 1676 595 1761 πρὸς
611 1674 838 1742 τδνἈντώνιον
860 1677 984 1741 ἔτεινεν·
1009 1676 1124 1761 ᾔδεσαν
1148 1676 1207 1759 γὰρ
1232 1675 1326 1741 αύτδν

213 1773 290 1861 ὑπὲρ
308 1779 420 1860 ἐκείνης
437 1778 536 1842 πάντα
551 1776 725 1844 ύποίσοντα.
752 1777 832 1845 οὕτω
847 1778 908 1865 γὰρ
927 1778 1019 1843 αύτδν
1035 1776 1227 1843 ἐδουλώσατο
1246 1776 1324 1845 ὥστε

173 1892 207 1947 15
216 1882 338 1957 βασιλίς
362 1906 394 1945 τε
418 1882 470 1944 καί
497 1881 639 1945 δέσποινα
662 1877 717 1946 ὑπ’
743 1884 854 1947 ἐκείνου
876 1886 1058 1958 καλεῖσθαι,
1085 1878 1275 1966 στρατιώτας
1291 1905 1324 1945 τε

209 1976 379 2063 Ῥωμαίους
394 1983 427 2046 ἐν
442 1988 486 2069 τῷ
503 1986 697 2071 δορυφορικρλ
715 1984 811 2068 αὐτῆς
826 1984 915 2064 ἐχειν,
930 1986 982 2047 καί
998 1992 1065 2059 ταῖς
1082 1982 1188 2049 ύσπίσι
1203 1980 1324 2048 πάντων

212 2081 248 2147 td
266 2082 363 2167 ὄνομα
387 2086 481 2168 αὐτῆς
505 2084 740 2171 ἐπιγράφεσθαι.
793 2090 844 2151 καλ
862 2090 904 2163 εἰς
919 2085 975 2167 τήν
992 2085 1107 2169 ἀγορὰν
1125 2087 1158 2151 δὲ
1173 2085 1244 2168 μετ’
1264 2084 1324 2150 αύ-

211 2192 268 2249 τού
284 2190 436 2275 εἰσεφοίτα
452 2192 502 2252 καί
518 2188 575 2264 τὰς
591 2188 772 2272 πανηγύρεις
789 2191 994 2256 συνδιετίθετο
1011 2185 1067 2263 τώς
1083 2212 1115 2251 τε
1140 2190 1227 2262 δίκας
1249 2211 1323 2251 σνν-

213 2285 350 2367 εξήταζε,
376 2292 425 2354 καὶ
445 2294 620 2367 συνίππευε,
650 2293 702 2355 καὶ
717 2294 748 2355 ἐν
764 2302 833 2367 ταῖς
848 2289 972 2355 πόλεσιν
988 2290 1085 2370 ἐκείνη
1101 2288 1158 2368 μὲν
1173 2288 1206 2351 ἐν
1223 2290 1323 2374 δίφρῳ
1339 2300 1365 2353 Ι)

172 2390 339 2473 λθέφέρετο
348 2436 358 2468 ,
384 2388 400 2455 ὅ
420 2395 438 2455 δ
444 2392 454 2416 ’
477 2391 635 2465 Ἀντώνιος
652 2394 726 2475 πεζῇ
743 2392 898 2471 μετὰτῶν
917 2387 1067 2469 εὐνούχων
1084 2388 1178 2466 αὐτῆς
1193 2387 1324 2470 ήκολού-

157 2564 161 2575 Ι
214 2494 282 2553 dee·
308 2490 513 2576 συνεγρύφετύ
531 2517 563 2557 τε
582 2490 660 2575 αὐτῇ
685 2496 736 2555 καὶ
761 2488 998 2567 συνεπλύττετο,
1023 2488 1116 2566 αιἰτδς
1132 2488 1251 2574 Ὄσιρις
1273 2493 1325 2555 καί

214 2587 369 2669 Διόνυσος
384 2590 560 2675 λεγόμενος,
586 2595 681 2675 ἐκείνη
708 2596 741 2659 δέ
758 2592 877 2675 Σελήνη
901 2594 953 2657 καί
971 2579 1053 2668 Ἶσις.
1102 2589 1178 2657 ὅθεν
1203 2591 1325 2679 ἐκφρων

283 2753 319 2807 10
335 2750 383 2805 καλ
400 2771 440 2806 cm
458 2751 492 2808 (l.
567 2749 620 2820 τήν
637 2752 687 2807 edd
705 2752 761 2811 ΑΒ.
819 2755 876 2808 'll
894 2744 1027 2816 ἐπαίνους
1043 2768 1084 2805 om
1102 2752 1134 2805 0.
1215 2754 1250 2806 12
1266 2748 1322 2806 elu-

292 2818 299 2837 '
333 2824 409 2877 ειλαν
426 2822 458 2877 O.
546 2823 580 2878 13
597 2818 712 2889 ήδεισοιν
730 2825 760 2874 Α.
847 2816 953 2890 ᾔδεσαν
968 2850 1003 2860 -
1021 2823 1055 2875 14
1065 2818 1221 2875 ύποίσοντοι
1233 2840 1274 2875 orn
1286 2822 1319 2879 0.

282 2893 296 2943 1
334 2885 366 2941 dl
385 2906 425 2943 οιο
445 2890 478 2945 0.
581 2894 617 2946 18
633 2907 662 2943 τε
680 2890 761 2951 δίκας
776 2890 801 2942 Α
817 2889 884 2959 llic,
911 2890 993 2951 δίκας
1009 2907 1039 2943 τι
1056 2891 1123 2947 PW.
1229 2890 1321 2959 δίκας]

281 2954 477 3081 διαδήκικφΒΟ.
581 2953 741 3025 meditate
759 2959 793 3012 C.
911 2960 944 3012 21
963 2954 1174 3029 συνεγρύφετύ]
1191 2958 1240 3013 καλ
1256 2975 1322 3013 σον-

279 3043 416 3095 ιγραφετο
456 3065 464 3084 .

212 3162 394 3219 convicturum
411 3183 471 3219 esse
489 3165 655 3232 affirmant„
674 3167 795 3220 eonsules
810 3166 908 3235 igitur,
935 3166 982 3234 qui
1005 3180 1054 3217 nec
1076 3162 1258 3217 contradicere
1275 3182 1323 3219 ιιι-

213 3232 307 3287 derent
324 3243 352 3286 et
367 3242 456 3287 tecese
474 3253 525 3287 neu
542 3241 666 3305 possent,
685 3238 748 3288 urbe
766 3236 859 3289 relicte
877 3250 928 3285 non
946 3234 1038 3301 peucis
1054 3232 1224 3285 senstnribus
1241 3234 1323 3285 cumi-

213 3302 328 3354 tuntlbue
346 3304 380 3355 ed
398 3304 538 3357 Antonium
562 3321 591 3357 se
615 3305 789 3359 contulerunt.
826 3320 858 3354 ec
882 3300 997 3354 vicissim
1022 3301 1066 3353 elii
1090 3300 1202 3353 Antonio
1227 3302 1323 3355 relicte

214 3370 248 3422 ed
265 3371 404 3424 Ceeserem
423 3374 561 3441 ebierunt,
585 3372 683 3427 intensi
701 3376 734 3425 ob
752 3371 892 3423 Octaviam
919 3369 1081 3438 repudiatum
1108 3377 1137 3421 et
1161 3368 1323 3435 Cleopatrse

214 3436 285 3490 odio.
321 3457 336 3492 e
362 3442 458 3508 quibus
476 3443 650 3494 Caesareum
669 3441 729 3494 eliis
747 3438 858 3492 Antonii
875 3438 979 3492 menis
996 3438 1111 3519 cognitis
1127 3444 1182 3489 tum
1200 3436 1278 3505 quale
1295 3444 1324 3490 et

214 3507 259 3559 ubi
277 3513 457 3563 tentamentum
476 3510 534 3563 eius
551 3516 637 3575 esset,
663 3510 688 3562 id
709 3518 844 3577 acceptum
861 3508 966 3577 publice
984 3506 1124 3571 recitavit,
1151 3505 1254 3557 lacinus
1271 3504 1325 3557 iui-

213 3574 364 3643 quissimum
375 3595 469 3643 eusus;
490 3596 575 3647 euque
592 3578 749 3631 recitatione
767 3575 844 3629 etiem
863 3574 1056 3629 eddictissimcs
1067 3572 1182 3625 Antonio
1199 3574 1239 3627 sic
1255 3590 1326 3627 οοιτι·

212 3644 296 3697 movit
313 3654 342 3696 ut
359 3656 388 3697 et
404 3648 566 3701 consulatum
584 3656 612 3701 et
629 3663 728 3699 emnem
749 3654 906 3711 potestatem
924 3644 947 3695 ei
967 3641 1130 3709 adimerent,
1153 3650 1181 3694 et
1203 3642 1260 3694 eius
1282 3643 1325 3695 ie-

212 3713 359 3765 milieribus
382 3714 560 3785 impunitatem
584 3724 612 3769 et
634 3714 797 3767 laudationes
820 3713 994 3765 decernerent
1014 3710 1038 3762 si
1056 3710 1126 3763 illum
1143 3710 1323 3778 reliquissent,

212 3790 240 3833 et
256 3782 417 3851 cleopatrae
433 3786 528 3837 bellum
546 3802 560 3836 e
580 3792 638 3837 erte
655 3783 814 3836 indicerent:
840 3781 911 3849 quud
935 3781 970 3833 ed
988 3781 1129 3833 Antonium
1151 3781 1239 3847 potius
1261 3797 1324 3849 spe-

211 3851 318 3916 cubet,
345 3867 421 3918 quem
439 3862 547 3922 propter
562 3853 631 3905 illem
649 3852 715 3905 nihil
733 3868 785 3902 nou
803 3850 949 3903 subiturum
966 3858 1071 3901 norant.
1107 3847 1149 3900 cui
1168 3849 1206 3900 ite
1222 3849 1325 3901 servie-

212 3919 274 3985 bet,
297 3926 330 3972 ut
347 3936 404 3972 eum
421 3928 450 3973 et
465 3922 583 3989 reginem
601 3927 630 3973 et
647 3920 774 3977 dominam
793 3918 953 3986 epnelleret,
978 3926 1006 3969 et
1030 3916 1129 3970 milites
1146 3916 1278 3969 Romanos
1295 3916 1325 3967 in

211 3988 332 4041 custodie
349 3988 448 4041 habere
466 3998 616 4058 peteretur,
640 4006 749 4058 qnorum
766 3988 859 4054 clipeis
878 3987 1039 4055 Cleopetree
1055 4002 1149 4038 nomeu
1170 3984 1324 4053 inscriptum

145 4093 148 4099 -
211 4066 280 4113 eret.
315 4064 457 4127 prseteree
475 4058 566 4110 mulier
584 4074 636 4111 une
653 4074 712 4111 cum
730 4074 762 4109 eo
781 4058 865 4108 iorum
883 4055 1096 4123 ingrediebatur,
1114 4053 1190 4106 ledus
1209 4069 1260 4105 une
1277 4068 1324 4104 cu-

212 4127 305 4191 mbet,
329 4128 371 4179 ius
395 4140 447 4178 nne
469 4124 592 4193 dicebat,
619 4142 671 4179 una
696 4126 845 4195 equitabet.
879 4126 907 4177 in
930 4124 1039 4180 nubibus
1057 4121 1154 4175 lectica
1169 4121 1324 4173 terebeture

212 4190 271 4260 ipse
288 4195 371 4264 pedes
388 4211 446 4247 eum
464 4195 589 4247 eunuchis
606 4196 777 4263 sequebatur.
813 4210 863 4246 ιιιιτ
885 4199 914 4244 et
936 4194 1095 4313 pinfiebetur
1112 4197 1140 4243 et
1157 4190 1323 4256 fingebature

171 4298 174 4305 ·
214 4268 293 4329 etque
309 4262 367 4334 ipse
383 4261 490 4333 quidem
507 4264 625 4317 Beccliue
642 4270 671 4317 et
687 4263 784 4331 Osiris,
802 4263 848 4316 ille
865 4260 915 4315 leis
932 4269 961 4314 et
1001 4278 1054 4315 une
1070 4258 1228 4313 vccebetur.
1244 4271 1323 4329 quen
