3134 4909
588 286 802 351 ANNALIUM
826 288 859 351 X
882 286 931 352 ll.
1244 292 1319 363 331

211 482 283 537 στο,
305 455 323 521 ii
341 456 482 542 τυραννὶς
497 452 657 540 ἐτύγχανεν
674 456 833 541 ἀντικρυς,
854 464 898 547 τῷ
914 456 1116 547 ἀνυπευθύνῳ
1133 465 1189 543 τῆς
1203 488 1323 551 μοναρ-

206 562 281 643 χίας
303 564 522 644 προσλαβοῦσα
545 559 580 623 τό
598 556 773 643 ἀόιάόοχον.
824 558 904 627 ούτω
922 564 957 627 ἀί
972 562 1127 639 καταστάς
1142 566 1185 640 είς
1201 590 1319 651 μοναρ-
1338 579 1362 631 Ι)

207 666 285 746 χίαν
312 663 442 738 πολλούς
468 661 569 747 ἀφῆκε
594 669 656 727 τοῖν
682 661 935 746 πεπολεμηκότων
962 664 1063 753 αύτῷ,
1099 666 1187 742 ἐνίοις
1214 669 1247 733 tt
1272 672 1324 733 καλ

212 764 314 853 ἀρχὰς
329 766 381 829 καὶ
397 764 487 846 τιμάς
503 763 623 844 ἴύωκεν,
650 757 692 831 ὧν
707 758 788 850 ἦσαν
805 769 855 831 καί
874 770 1012 853 Βροῦτος
1028 770 1079 835 καλ
1097 766 1251 849 Κάσσιος,
1272 774 1324 836 καλ

183 869 454 950 salmanansar
471 868 506 931 δὲ
522 867 635 951 στήλας
651 870 921 952 καταβεβλημένας
937 872 1107 955 ἀνίστησεν.
1150 872 1324 949 ἀξιούντων

213 972 249 1035 δὲ
265 977 328 1047 τῶν
345 974 441 1056 φίλων
458 972 699 1058 δορυφορεῖσθαι
716 973 811 1038 αὐτόν
827 972 1026 1059 παρῃτήσατο
1048 971 1191 1054 “tiliaciis
1216 977 1320 1043 ίστιν”

214 1071 306 1139 εἰπάν
325 1069 432 1151 “άπαξ
455 1073 623 1139 ἀποθανεῖν
646 1074 667 1157 ἢ
690 1075 736 1140 ἀεὶ
759 1076 969 1161 spondentia?
1021 1076 1165 1158 μειζόνων
1190 1080 1218 1143 δ’
1245 1082 1323 1164 ἀρῶν

213 1172 401 1263 πραγμάτων
425 1178 476 1240 καὶ
499 1177 674 1262 καινοτέρας
699 1175 808 1261 δόξης,
837 1176 960 1262 γνιύμην
984 1178 1053 1263 ἴσχε
1076 1179 1252 1265 στρατεύειν
1276 1183 1323 1245 tut

212 1277 370 1366 Πάρθους
388 1282 438 1342 καὶ
457 1279 499 1342 δι’
516 1275 679 1365 Ὑρκανίας
696 1284 738 1355 είς
754 1282 810 1363 τὴν
828 1282 987 1365 Σκυθικὴν
1003 1285 1156 1363 ἐμβαλεῖν.

167 1393 208 1447 10
244 1374 247 1379 ’
316 1384 424 1457 Μῖσσς
445 1382 549 1462 μέντοι
574 1393 638 1459 τοῖς
662 1382 841 1468 ἀνθρώποις
864 1384 937 1449 κατ’
966 1384 1061 1450 αὐτοῦ
1085 1388 1135 1449 καὶ
1163 1385 1250 1467 ἕτερα
1273 1386 1323 1448 ἓν-

213 1486 367 1566 εποίησαν,
392 1484 428 1548 τό
446 1484 483 1547 tt
496 1509 528 1567 γε
549 1488 652 1565 μεῖζον
676 1482 692 1548 ὁ
717 1492 770 1567 τῆς
790 1488 948 1566 βασιλείας
970 1485 1048 1571 ίρως
1071 1485 1248 1573 είργάσατο,
1276 1485 1321 1553 δι’
1341 1499 1362 1553 P
1381 1499 1390 1551 l
1414 1498 1467 1553 490

211 1586 247 1653 ὃν
264 1587 293 1652 oi
310 1589 379 1673 περὶ
396 1587 489 1651 αὐτόν
505 1590 555 1649 καί
574 1585 664 1671 λόγον
681 1590 723 1663 είς
740 1588 793 1652 τόν
808 1592 906 1671 δῆμον
923 1589 1105 1674 ἓνίσπειραν,
1125 1586 1166 1667 ὥς
1179 1592 1210 1653 ἔκ
1225 1613 1326 1673 γραμ-

211 1686 319 1771 μάτων
336 1691 521 1770 Σιβυλλείων
545 1692 682 1775 φαίνοιτο
705 1690 749 1773 μὴ
770 1689 872 1779 άλλως
889 1690 1016 1757 ἔσεσθαι
1031 1691 1072 1757 τά
1089 1690 1235 1777 Πάρθων
1248 1689 1324 1757 Ῥω·

212 1794 316 1874 μαίοις
333 1788 490 1873 ἀλάσιμα,
517 1794 544 1856 εί
559 1794 603 1874 μὴ
619 1793 764 1872 βασιλεύς
781 1793 885 1869 αὐτοῖς
900 1793 1166 1878 συστρατιύσοιτο.
1218 1796 1270 1859 καί
1291 1798 1325 1859 ἐκ

168 1904 206 1960 16
216 1900 270 1979 τῆς
289 1894 402 1978 Ἄλβης
426 1895 460 1959 tt
484 1894 559 1977 πρὸς
581 1894 636 1978 τὴν
656 1892 776 1979 Ῥάμην
801 1894 885 1961 ίόντα
910 1896 963 1961 τόν
981 1900 1128 1984 Καίσαρα
1152 1894 1324 1980 ἐτόλμησάν

214 2024 293 2075 τινες
307 2007 479 2083 προσειπεῖν
497 1999 638 2078 βασιλέα.
690 2006 745 2063 τοῖν
771 2000 805 2065 δὲ
830 1996 930 2081 (λη’μου
956 2002 1190 2086 θορυβηθίντος
1214 2004 1324 2077 ἐκεῖνος

213 2102 250 2166 σύ
265 2100 412 2184 βασιλεύς
428 2100 507 2165 ἀλλά
526 2103 651 2187 Καῖσαρ
668 2100 728 2187 λἰγη
744 2107 917 2167 καλεῖσθαι.

312 2202 446 2287 Ἐλέγετο
466 2205 500 2268 tl
516 2206 661 2289 Καῖσαρ,
694 2204 737 2281 ὥς
761 2231 838 2281 τινες
863 2205 995 2281 οἴονται,
1022 2200 1073 2267 οἷα
1098 2204 1137 2283 δὴ
1162 2201 1243 2282 τάχα
1268 2210 1323 2283 τῆς

214 2305 331 2390 μητρός
347 2307 441 2370 αὐτοῦ
458 2309 490 2371 iv
507 2314 551 2393 τῷ
567 2309 676 2371 τίκτειν
693 2304 864 2387 θανούσης,
897 2308 948 2370 καλ
974 2305 1070 2370 αὐτοῦ
1096 2305 1140 2367 δι’
1170 2304 1325 2386 ἀνατομῆς

172 2408 425 2492 λθπρσιιχθίντος
441 2412 484 2484 είς
501 2415 577 2493 φῶς.
603 2407 660 2470 ούκ
678 2407 793 2486 ἀληθὲς
810 2409 843 2471 δὲ
860 2404 950 2470 τοῦτό
968 2408 1048 2470 ἔστι·
1067 2404 1122 2487 τὴν
1136 2405 1195 2489 γάρ
1208 2406 1325 2491 μητίρα

216 2508 310 2575 uisui
334 2510 386 2590 ζῆν
409 2509 438 2573 οἱ
457 2512 524 2595 περὶ
540 2508 635 2573 αὐτοῦ
652 2504 839 2594 γεγράφασιν
857 2504 1070 2595 ἱστορήσαντες
1086 2510 1136 2571 καὶ
1154 2507 1249 2572 αὐτοῦ
1267 2507 1321 2573 ἀν·
1339 2521 1362 2577 Β

284 2710 404 2771 islanis
422 2734 463 2771 our
481 2717 514 2770 C.
654 2718 688 2771 12
705 2712 746 2777 ale
761 2716 816 2783 AB,
832 2709 904 2783 πρός
921 2716 989 2769 PW.
1129 2718 1162 2770 15
1180 2712 1212 2769 at
1231 2735 1273 2770 ons
1290 2720 1323 2772 Α.

284 2787 319 2840 18
333 2781 457 2853 Ἐλίγετσ
475 2786 507 2840 δε
524 2814 556 2825 -
576 2805 603 2857 p.
622 2786 675 2841 332
697 2784 758 2842 v.3
785 2779 892 2839 ἐκείνου
916 2779 1052 2851 ἀπόγονοι
1076 2784 1210 2839 Plutarchi
1233 2786 1323 2840 verbis

281 2854 372 2991 :2222
386 2862 461 2977 xant.
549 2856 582 2908 21
600 2853 772 2924 γεγράφασιν
790 2850 995 2922 ἱστορήσαντες]
1013 2851 1235 2924 συγγεγραφότες
1250 2850 1323 2910 ίοτό-

214 3114 357 3177 perpetuus
375 3118 416 3161 est
433 3116 552 3162 creatus:
570 3124 638 3177 quae
657 3108 796 3161 inaniiesta
813 3106 938 3177 tyrannis
956 3107 1015 3173 init,
1034 3114 1141 3175 praeter
1159 3110 1325 3162 monarchiae

212 3192 335 3227 sumnam
352 3186 509 3245 potestaten
526 3194 678 3230 successore
695 3194 800 3247 quoque
817 3194 918 3231 carens.
953 3176 1024 3228 salua
1040 3192 1126 3228 rerum
1143 3176 1244 3245 potitus
1262 3178 1326 3231 urul-

215 3252 257 3296 ιον
275 3244 319 3311 qui
336 3263 407 3298 arma
424 3255 517 3299 contra
534 3246 648 3298 tulerant
664 3248 791 3312 absolvit,
815 3244 946 3298 nonnullis
970 3244 1138 3311 magistratus
1165 3252 1194 3295 et
1211 3244 1324 3299 honores

214 3312 307 3365 dedita
329 3331 438 3383 quorum
461 3333 478 3366 e
501 3332 608 3366 nurnero
632 3316 740 3368 inerunt
762 3317 860 3367 Brutus
884 3322 913 3365 et
932 3312 1048 3365 Cassius.
1085 3312 1202 3380 Pompeii
1221 3321 1324 3365 antaee

215 3380 331 3434 deiectas
349 3384 476 3437 restituit.
512 3382 622 3435 munitus
639 3385 673 3435 ab
691 3384 783 3437 amieis
803 3390 831 3435 ut
850 3381 976 3434 satellites
994 3382 1026 3433 ad
1045 3380 1188 3433 csrstodinrn
1207 3382 1324 3449 corporis

214 3449 367 3517 adhiberet,
393 3451 542 3504 recasavit:
569 3452 660 3504 melius
685 3454 755 3505 eninr
778 3468 839 3503 ease
865 3460 972 3503 mortem
996 3448 1075 3501 semel
1096 3459 1223 3517 oppetere
1247 3464 1323 3518 quarn

214 3528 344 3588 perpetuo
369 3520 519 3573 formidare.
553 3520 579 3571 in
600 3522 723 3574 maiarum
739 3536 827 3573 rerum
843 3520 931 3571 studia
951 3526 979 3569 et
998 3534 1083 3569 navae
1100 3516 1199 3585 gloriae
1217 3518 1324 3587 appeti-

214 3588 298 3652 tione,
314 3587 341 3639 in
359 3587 442 3642 wirne
460 3589 551 3642 habuit
567 3590 674 3643 Parthis
687 3590 788 3641 inferre
808 3587 909 3655 bellum,
927 3593 955 3638 et
971 3602 1021 3655 par
1037 3584 1197 3653 Hyrcaniam
1214 3587 1241 3640 in
1254 3588 1324 3657 Scy-

215 3656 297 3709 sstiam
313 3656 402 3709 lacere
418 3659 621 3727 impressionem.

319 3757 415 3811 Odium
433 3760 522 3830 populi
536 3761 648 3815 Romani
664 3775 722 3811 euna
741 3758 801 3810 aliis
818 3758 851 3809 da
868 3757 955 3810 causis
980 3763 1035 3808 turn
1061 3758 1094 3814 ab
1119 3757 1194 3825 regni
1212 3773 1324 3809 amorern

215 3826 259 3879 val
275 3826 388 3878 maxime
404 3845 480 3880 susce
499 3830 531 3882 it.
565 3830 635 3882 ande
659 3828 804 3880 familiares
828 3827 884 3879 eiua
908 3843 1035 3879 rumaren
1061 3827 1086 3878 in
1105 3824 1201 3894 vulgus
1220 3842 1326 3894 sparse-

213 3903 292 3959 runt,
309 3894 448 3959 Sibyllinis
464 3848 540 3950 liiris
555 3898 701 3962 contineri,
725 3896 840 3948 Parthos
860 3912 911 3947 non
930 3895 981 3947 nisi
1000 3913 1064 3963 rege
1081 3895 1147 3948 duce
1166 3911 1182 3945 a
1200 3893 1326 3946 Romanis

213 3980 293 4033 posse
308 3963 388 4017 vinci.
424 3972 451 4015 et
469 3966 536 4019 Alba
554 3968 662 4020 nonan
684 3966 856 4035 proficiscens
881 3983 896 4017 a
921 3964 1075 4033 quibusdan
1099 3980 1145 4016 rex
1168 3963 1324 4031 appellatus,

214 4048 271 4085 enm
289 4048 322 4156 {a
337 4049 369 4153 rte
385 4034 509 4104 populum
525 4038 708 4105 perturbatura
726 4034 851 4101 vidisset,
875 4050 904 4086 se
929 4051 980 4087 uon
1003 4050 1091 4103 regern
1116 4032 1162 4085 sed
1185 4032 1326 4083 Caesarem

214 4118 273 4154 esse
308 4116 367 4157 m.

317 4202 442 4257 caesaris
460 4212 545 4257 autern
562 4222 671 4270 namen,
688 4215 717 4258 ut
735 4204 840 4274 quidam
858 4201 1015 4269 opinantur,
1033 4200 1139 4265 habuit,
1157 4184 1228 4266 ‹inotl
1245 4204 1327 4251 matre

218 4279 319 4323 mortua
337 4289 371 4325 ex
389 4281 464 4325 utero
482 4288 574 4343 σταται
590 4280 671 4326 asset.
706 4272 887 4342 quodfalsum
905 4276 961 4323 est:
985 4278 1092 4323 narrem
1116 4266 1186 4321 eain
1208 4268 1242 4321 ad
1256 4266 1326 4341 ,viri-
