3134 4909
297 284 350 357 66
658 280 832 352 lotNle
857 280 1056 349 ZOMRAE

163 474 196 525 w
210 468 279 526 112⁷
298 454 480 533 ἐπελθόντες
496 454 534 521 δέ
547 478 580 540 γε
595 462 660 532 τοῖς
676 451 878 523 στασιάσασα
895 452 1067 543 ἐκρότησαν
1082 452 1138 535 μέν
1154 450 1267 533 πότων,
1283 453 1417 532 πολλοὺς

298 567 333 631 δέ
350 568 411 629 τῶν
428 560 582 647 σφετέρων
599 558 763 642 ἀπέβαλον.

401 664 467 731 Διὰ
491 670 590 731 ταῦτα
605 665 706 729 τοίνυν
724 664 752 728 oi
765 660 912 745 Ῥωμαῖοι
928 688 979 725 και
997 658 1050 725 διά
1066 682 1135 724 τινα
1150 668 1263 743 σημεῖα
1280 658 1413 745 εδλαβη·

268 831 271 841 ,
300 770 406 847 θέντες
430 775 491 835 τῶν
516 793 548 832 τε
572 767 649 855 πρὸς
672 765 825 851 ἀλλήλους
840 764 1061 850 (ἐνηλλάγησαν
1078 760 1275 849 ἐγκλημάτων
1291 768 1343 828 καί
1359 765 1417 848 την

300 875 453 939 πολιτείαν
477 872 624 959 ἐσωτέραν
650 870 843 955 ποιήσασθαι
867 872 1070 957 ἐψηφίσαντο.
1122 872 1174 933 roi
1196 877 1277 953 τρεῖς
1299 866 1440 956 άνδρας5
1486 910 1491 920 -

301 982 343 1055 είς
367 978 422 1061 τὴν
440 974 577 1041 Ἑλλάδα
601 976 652 1040 διά
676 975 750 1052 τοδς
772 972 887 1056 νόμους
909 977 961 1039 καί
983 972 1025 1039 τά
1048 974 1125 1059 παρ’
1146 974 1270 1049 ἐκείνοις
1285 970 1345 1055 έθη
1362 998 1417 1039 πτ-

261 1080 454 1167 ῃπόμφασι.
512 1082 562 1145 καί
586 1081 798 1163 κομισθέντων
819 1078 921 1143 attur
944 1075 1000 1153 τάς
1016 1102 1049 1141 τε
1065 1077 1162 1153 άλλας
1178 1077 1278 1163 άρχδις
1294 1078 1345 1141 καέ
1361 1078 1419 1154 τὰς

300 1193 361 1251 τῶν
386 1182 553 1270 δημάρχων
577 1184 763 1261 κατέλυσαν,
790 1184 841 1247 καί
857 1179 975 1265 άνδρας
992 1182 1073 1247 (irrui
1088 1183 1122 1247 ἐκ
1139 1186 1200 1246 τῶν
1216 1178 1346 1266 πρώτων
1362 1180 1418 1245 άν·

300 1293 459 1366 θείλοντο,
487 1290 538 1353 καί
558 1286 686 1353 Ἄππιον
710 1283 870 1351 Κλαόδιον
896 1286 990 1350 Τίτον
1014 1311 1045 1351 τε
1071 1286 1101 1349 Γ
1098 1281 1233 1351 ενοόκιον
1256 1285 1418 1362 ἐπίδειξον

301 1392 380 1457 κατά
396 1392 450 1457 τόν
465 1390 603 1457 ἐνιαυτὸν
620 1392 730 1457 ἐκεῖνον
747 1388 937 1477 στρατηγοὺς
953 1387 1194 1476 αὐτοκράτορας.
1241 1390 1292 1452 καὶ
1303 1386 1416 1471 νόμους
1425 1404 1460 1457 lu

303 1497 408 1571 αὐτοῖς
432 1493 610 1580 συγγράψαι
634 1496 825 1582 ἐπέτρεψαν,
861 1495 1015 1576 μηδεμίαν
1036 1518 1069 1559 τε
1093 1496 1178 1576 δίκην
1194 1490 1340 1579 ἐφέσιμον
1356 1491 1415 1557 ἐπ’

302 1599 404 1665 αὐτῶν
427 1598 569 1683 γενέσθαι
594 1600 886 1683 προσεψηφίσαντο·
909 1592 1167 1680 δπροόηνοόδενὶ
1184 1603 1246 1661 τῶν
1263 1593 1418 1681 ἀρχόντων

302 1702 381 1786 πλὴν
405 1710 466 1767 τῶν
483 1700 671 1787 δικτατόρων
687 1702 820 1767 ἐδέδοτο.
871 1691 970 1786 ἦρξάν
985 1726 1018 1764 τε
1036 1692 1121 1765 οὗτοι
1137 1699 1190 1787 ἐφ’
1211 1696 1329 1786 ἡμέραν
1346 1701 1418 1765 ἐκα-

303 1832 394 1881 στος,
427 1804 559 1881 ἐναλλάξ
579 1803 615 1869 od
639 1803 806 1890 πρόσχημα
828 1811 884 1887 τῆς
907 1800 1069 1887 ἡγεμονίας
1091 1800 1310 1886 λαμβάνοντες.
1367 1806 1419 1867 καί

303 1907 418 1991 νόμους
439 1906 672 1995 συγγράψαντες
697 1912 741 1985 εές
764 1908 822 1990 τὴν
844 1907 961 1995 άγοράν
988 1910 1157 1991 ἐξέθηκαν·
1183 1908 1219 1972 σθ
1239 1910 1301 1973 ἐπεῖ
1326 1914 1462 1983 πᾶσινηη

302 2012 433 2100 ἤρεσαν,
459 2012 491 2087 ἐς
514 2012 568 2076 τδν
593 2014 691 2094 δῆμον
713 2010 904 2095 εἰσήχθησαν
911 2059 921 2089 ,
946 2014 997 2075 καὶ
1016 2012 1208 2098 καρωθέντες
1222 2012 1340 2077 σανίσιν
1356 2014 1419 2077 ἐνε-

177 2146 286 2205 p1347
304 2113 469 2203 γράφηοαν
487 2116 578 2179 δέκα·
606 2114 666 2180 ὅσα
682 2115 742 2205 γάρ
760 2120 902 2205 φυλακῆς
918 2115 1085 2201 ἐκρίθησαν
1103 2114 1194 2195 άξια,
1225 2118 1256 2180 ἐν
1273 2118 1420 2191 σανιδίοις

303 2220 553 2304 ἐθησαυρίζοντο.

406 2322 531 2387 Ἐκεῖνοι
547 2321 604 2403 μέν
622 2310 676 2387 adr
693 2320 747 2386 τὸν
763 2318 901 2385 ἐνιαυτδν
918 2314 1081 2399 ordonna
1097 2318 1221 2409 άφῆκαν
1237 2321 1294 2405 τὴν
1310 2318 1420 2411 ἀρχήν,

306 2428 402 2513 έτεροι
429 2428 447 2491 δ
452 2426 461 2451 ²
490 2416 585 2502 αὖθις
610 2425 782 2511 αἱρεθέντες
805 2423 881 2490 δέκα
898 2421 999 2511 ὥσπερ
1016 2426 1064 2489 ἐπὶ
1080 2423 1242 2492 καταλόσει
1260 2433 1315 2509 τῆς
1331 2430 1464 2511 πολι-ηρ

305 2518 387 2606 τείας
408 2529 672 2617 χειροτονηθέντες
696 2526 864 2606 ἐξώκειλαν.
915 2524 1025 2603 πάντες
1042 2530 1101 2616 γάρ
1120 2527 1187 2611 άμα
1203 2528 1265 2593 dud
1282 2535 1336 2613 τῆς
1354 2530 1421 2613 ίσης

269 2643 271 2651 ’
305 2624 419 2719 ἦρχον,
449 2636 499 2696 καὶ
524 2633 699 2708 νεανίσκους
724 2634 756 2696 ἐκ
781 2637 842 2696 τῶν
859 2630 1049 2717 εὐπατριδῶν
1065 2629 1284 2719 θρασυτάτους
1300 2630 1420 2709 ἐκλεξά-

307 2740 392 2819 μενοι
410 2734 508 2800 πολλὰ
526 2734 572 2800 δι’
594 2736 695 2801 αὐτῶν
712 2736 833 2801 ἐποίουν
849 2737 900 2799 καὶ
917 2736 1021 2816 βίαια·
1048 2734 1110 2819 όψέ
1126 2737 1162 2801 δέ
1172 2761 1246 2803 ποτε
1258 2734 1311 2802 ἐπ’
1326 2734 1421 2825 ἐξόδῳ

377 2916 394 2965 b
414 2908 548 2979 ίσυτέραν
565 2914 600 2979 λ,
617 2907 748 2978 ίοοτέραν
765 2912 835 2969 PW.
942 2913 975 2966 ll
993 2907 1131 2981 άφέοιμον
1147 2912 1180 2969 Δ.

308 3067 408 3137 aliquid
433 3066 610 3148 impetrasset.
652 3082 683 3117 ac
707 3066 850 3120 aeditioaor
880 3066 984 3137 qnidam
1010 3075 1217 3139 oppresserunt,
1254 3066 1301 3120 aad
1327 3068 1423 3121 innitor

307 3154 410 3191 auorum
429 3144 582 3189 amiserunt.

411 3204 462 3257 His
474 3205 557 3273 igitur
570 3205 604 3257 da
619 3204 706 3257 canaio
712 3204 833 3272 Romani,
850 3211 879 3259 at
893 3204 1021 3328 prodifda
1031 3204 1185 3275 quibuodarn
1193 3206 1307 3279 impulsi,
1322 3206 1424 3259 omiraio

307 3274 404 3329 mutuis
417 3274 642 3327 criminationibus
651 3292 704 3326 rem
716 3275 846 3344 publicam
858 3278 961 3345 acquab
982 3277 1064 3329 iorem
1075 3276 1184 3329 efficere
1192 3278 1379 3332 decreverunt.
1392 3295 1424 3329 ao

307 3356 364 3398 tras
374 3344 446 3396 viroa
455 3344 481 3395 iu
492 3344 629 3395 Graeciam
643 3344 676 3396 ad
688 3344 790 3396 iliorum
803 3344 875 3413 loger
886 3353 913 3399 ot
925 3346 1049 3399 instituta
1063 3346 1245 3413 cognoscenda
1257 3348 1421 3415 ablegarunt.

308 3415 404 3484 quibua
431 3412 519 3466 altatis
536 3412 697 3466 tribunatum
714 3424 743 3466 ct
758 3414 875 3483 reliquos
893 3416 1062 3484 περίπαστον
1080 3419 1257 3483 abrogarunt,
1282 3431 1425 3484 eorumque

308 3486 363 3536 ioco
383 3484 454 3534 viror
479 3490 538 3534 octo
558 3482 689 3552 principes
708 3483 882 3553 delegarunt3
908 3484 1006 3554 ilioque
1025 3500 1092 3536 anno
1110 3484 1221 3555 Appium
1240 3486 1377 3537 Claudium
1396 3495 1424 3537 ot

307 3554 399 3605 Titum
418 3552 563 3605 Genucium
588 3560 725 3622 praetores
750 3571 809 3606 curu
826 3570 924 3607 aunamo
943 3554 1055 3623 irnperio
1073 3562 1207 3607 crearunt.
1243 3553 1284 3606 bia
1300 3562 1422 3638 potantu-

307 3634 359 3675 tona
378 3622 507 3675 condendi
524 3622 595 3691 legar
610 3622 748 3689 dederunt,
768 3640 825 3675 cuna
843 3623 999 3693 appendice,
1017 3640 1052 3675 nc
1069 3624 1103 3674 ab
1119 3622 1158 3675 aio
1219 3629 1324 3676 vocatro
1337 3631 1425 3675 oracta

307 3692 335 3744 id
362 3692 431 3760 qnod
456 3690 530 3761 priua
554 3708 606 3745 non
628 3691 677 3744 υἱεῖ
702 3692 878 3745 dictatoribus
903 3708 1055 3744 conceaauna
1078 3692 1136 3748 fuit.
1193 3692 1268 3764 iper
1285 3693 1359 3747 vicos
1377 3692 1426 3745 ian-

306 3770 448 3831 perorant,
467 3760 565 3829 singuli
581 3762 610 3813 in
628 3760 684 3815 dica
700 3762 816 3830 singulos
836 3762 1006 3830 magiatratur
1022 3760 1170 3829 insignibar
1191 3762 1293 3825 ornati3
1311 3769 1340 3815 ct
1353 3763 1425 3833 lego

309 3848 324 3881 a
346 3846 376 3882 aa
402 3830 564 3899 conscriptas
592 3830 619 3883 in
643 3831 702 3883 soro
719 3838 923 3899 proposuerunt.
959 3846 1025 3899 quar
1044 3843 1101 3883 curn
1119 3832 1240 3885 omnibus
1257 3834 1426 3903 probassent,

308 3900 342 3951 ad
368 3900 489 4021 pppniurn
512 3900 646 3965 tuierunt,
672 3901 840 3970 annuiturque
864 3900 892 3951 in
914 3900 1002 3954 daoorn
1024 3900 1131 3952 tabutas
1149 3904 1321 3959 rettulerunt.
1356 3918 1426 3970 quae

308 3968 376 4021 enirn
412 3970 473 4038 igna
492 3970 610 4023 custodia
628 3969 795 4036 iudicabant,
813 3970 841 4020 in
858 3970 965 4023 tabaiiia
981 3972 1163 4024 marrubant.

411 4042 490 4107 Atqu·
524 4038 564 4091 iili
589 4055 658 4093 anno
682 4048 777 4091 exacto
800 4040 959 4107 magistratu
982 4038 1119 4091 abieruntr
1146 4042 1244 4111 quibua
1267 4040 1311 4091 aiii
1332 4037 1425 4091 decern

244 4138 246 4147 =
306 4126 363 4161 cnrn
381 4108 581 4174 succesaisaant,
599 4108 637 4160 ita
656 4126 684 4160 εε
701 4116 857 4176 gesserunt,
874 4108 951 4177 quari
968 4110 1129 4162 avertendae
1145 4110 1186 4163 roi
1204 4111 1326 4181 publicae
1344 4124 1425 4161 oauaa

305 4178 403 4230 deiecti
422 4186 520 4229 oaarnt.
557 4192 645 4229 ornnoa
663 4178 730 4230 anim
748 4177 823 4229 airnul
844 4194 877 4231 ετ
895 4194 981 4247 aequo
998 4178 1182 4249 imperabant,
1200 4180 1361 4247 adscitioqna
1378 4195 1425 4229 no-

304 4247 395 4307 bilium
413 4247 608 4299 adnioaoentnnr
626 4245 805 4299 audaciaainair
821 4263 871 4316 par
889 4248 941 4301 vim
960 4248 1186 4319 πεπληρώκατε
1203 4248 1425 4301 acacrotandaaa

304 4316 354 4369 sab
379 4315 440 4368 anni
465 4316 521 4367 sara
545 4314 624 4370 tinam
650 4330 736 4387 pauca
759 4318 889 4388 qnaodan
912 4318 939 4371 in
966 4319 1068 4372 duabu
1091 4318 1191 4372 tabulis
1215 4318 1424 4387 adroripoemnt,
