3134 4909
585 306 800 375 ANNALIUM
824 307 877 375 XI
897 310 930 373 2.
1239 307 1312 377 441

209 478 324 543 πλείοσι
342 472 582 561 πεπλασμίναις,
614 484 665 545 καὶ
689 477 882 570 ἐφυγάδευσε,
899 482 949 545 καί
975 478 1150 567 όιίφθειρε,
1180 482 1235 544 καί
1248 494 1316 546 τινα

208 578 255 646 ότι
279 581 319 645 sd
341 586 399 646 aori
420 582 580 669 Καίσαρος
603 584 654 648 καί
677 584 717 649 td
741 590 798 649 τοῦ
819 580 1002 668 Αὐγούστου
1028 574 1169 669 ἱστόρησε
1176 630 1186 659 ,
1216 586 1315 649 καίτοι

207 680 252 767 μή
271 708 301 747 τι
323 684 394 749 κατ’
419 686 537 749 ἐκείνων
559 683 808 773 συγγεγραφότα,
832 684 970 764 ἐκόλασε,
995 690 1045 751 καί
1069 686 1104 750 τό
1127 684 1314 772 σύγγραμμα
1332 702 1355 756 Ρ
1371 701 1386 756 1
1402 701 1455 758 sto

208 784 285 851 ὅπου
303 785 410 868 δήκαὶ
429 783 542 875 εὖρίθη
559 789 751 866 κατέκαυσεν,
770 788 817 854 ὅτι
833 789 878 871 μή
896 791 1025 865 ἐκείνους
1042 790 1191 872 ἐσίμνυνε.
1214 792 1284 855 πλεί
1300 830 1317 842 -

182 904 262 964 ονας
279 889 312 952 δὲ
329 884 371 965 εὖς
387 888 480 955 αὐτόν
494 896 758 979 βλασφημοῦντας
775 892 940 979 όιέφθειρε.
986 894 1040 955 καί
1052 918 1101 967 τις
1119 896 1251 973 Σαβῖνος
1267 895 1315 958 ἐπὶ

206 987 333 1076 τοιαότῃ
351 999 572 1077 κατηγορηθείς
589 997 671 1086 αίτίρι
688 997 731 1073 είς
746 994 781 1059 τό
802 991 1011 1079 δεσμωτήριον
1028 995 1224 1079 καθείρχθη,
1251 994 1315 1062 εἶτα

207 1096 257 1159 καί
276 1092 447 1181 ἐφονεόθη,
472 1100 522 1161 καί
539 1098 574 1161 τὸ
592 1105 683 1180 σῶμα
700 1096 795 1163 αὐτοῦ
814 1099 856 1175 είς
871 1096 925 1161 ’τόν
940 1097 1079 1180 ποταμόν
1094 1098 1214 1186 ἐρρίφη.
1265 1102 1316 1163 καί

207 1197 307 1262 όεινόν
328 1198 384 1279 μίν
405 1204 496 1263 τοῦτο
523 1202 574 1265 καί
597 1200 674 1265 καθ’
700 1198 792 1267 {nord
814 1197 928 1265 ἅπασιν
949 1190 998 1280 ἦν,
1024 1202 1162 1265 ἐόείνωσε
1187 1200 1219 1274 δ’
1240 1202 1315 1267 αὐτὸ

207 1298 255 1363 ἐπί
279 1304 382 1365 πλεῖαν
404 1298 486 1367 κόων
510 1326 555 1380 τις
579 1309 634 1369 anai
652 1306 797 1385 Σαβίνου,
823 1300 1025 1369 συνεισιλθιόν
1047 1328 1080 1368 τε
1105 1304 1190 1391 αὐτῷ
1213 1306 1256 1379 είς
1281 1304 1316 1368 τό

165 1416 201 1471 10
209 1401 417 1489 δεσμωτήριον
442 1407 494 1469 καλ
520 1402 709 1471 ἀποθανόντι
735 1408 926 1491 παραμείνας
949 1409 1001 1469 καὶ
1028 1409 1070 1482 είς
1095 1405 1149 1469 τόν
1180 1405 1318 1487 ποταμὸν

206 1504 321 1592 ῥιφίντι
338 1505 551 1573 συνεισπεσιόν.
601 1514 699 1573 ταῦτα
715 1505 813 1595 ταύτῃ
831 1508 955 1592 ἐγίνετο,
980 1510 1031 1572 καί
1057 1509 1090 1572 ἐκ
1112 1514 1174 1573 τῶν
1196 1513 1317 1573 πολλῶν

205 1606 291 1693 dilys
307 1606 487 1697 ἱστόρηται.Ι
1045 1688 1051 1696 .

303 1707 352 1775 ‘H
370 1712 405 1777 δέ
428 1712 531 1792 Λιβία
554 1706 733 1797 ἀπίργηρως
756 1719 898 1794 γεγονυῖα
921 1706 1115 1792 μετήλλαξεν,
1138 1705 1173 1787 (ἐξ
1199 1707 1317 1792 ζήσασα

206 1810 257 1895 ἐτη
275 1816 325 1877 καί
343 1810 540 1897 ἀγδοήκοντα.
590 1816 641 1879 καί
665 1812 733 1879 ollas
758 1818 910 1879 νοσοῦσαν
933 1808 1067 1895 αάτήνὸ
1094 1813 1238 1897 Τιβέριος
1260 1814 1355 1880 ἐπ-Β

167 1913 377 1997 15εσκίψατο,
402 1914 470 1980 οὔτ’
492 1914 714 1981 ἀποθανοῦσαν
731 1916 869 1998 ἐτίμησε,
894 1916 974 1998 πλὴν
995 1910 1092 1997 μόνης
1114 1916 1317 2001 inconsignati

208 2014 331 2083 εἰκόνων
348 2023 446 2083 τινιῖιν.
497 2017 577 2083 ἀλλά
600 2018 677 2103 πρὸς
701 2019 851 2100 διαβολήν
871 2025 927 2083 τοῦ
945 2018 1090 2102 Τιβερίου
1113 2018 1227 2095 πένθος
1250 2028 1318 2095 ταῖς

206 2124 341 2205 γυναιξὶν
363 2118 383 2203 ἢ
407 2120 505 2203 βουλή
529 2120 605 2207 παρ’
631 2120 702 2185 dior
726 2120 864 2186 ἐνιαυτόν
880 2120 930 2184 ἐπ’
951 2120 1028 2206 αὐτῇ
1045 2121 1239 2206 ἐψηφίσατο·
1265 2125 1316 2187 καὶ

206 2220 253 2288 ὅτι
270 2224 305 2288 dd
321 2223 453 2301 πολλοὺς
470 2223 571 2289 αὐτῶν
587 2222 726 2303 ἐσεσιόκει
743 2226 794 2287 καί
810 2226 924 2299 παῖδας
939 2229 1062 2287 πολλῶν
1085 2221 1239 2306 ἐτετρόφει
1263 2220 1317 2287 κό-

207 2349 266 2409 ρας
287 2350 320 2389 τε
343 2328 477 2391 πλείοσιν
501 2324 687 2403 tradendae,
712 2328 762 2389 καί
788 2324 886 2399 ἀλλας
908 2325 1000 2405 τιμάς
1023 2324 1119 2406 ἐκείνῃ
1145 2322 1318 2403 ἀπίνειμαν.

166 2426 299 2492 matth
316 2427 350 2490 dl
365 2433 427 2490 τῶν
439 2452 500 2492 τισι
513 2427 779 2511 καταλειφθέντων
791 2422 850 2489 ἀπ’
866 2425 979 2505 ἐκείνης
991 2426 1120 2494 δίόωιιεν
1133 2420 1149 2486 ὅ
1165 2426 1319 2509 Τιβέριος.

210 2520 492 2610 ἀπομνημονευτίον
510 2528 543 2593 ἀί
560 2529 610 2591 καί
627 2532 688 2591 τῶν
705 2524 780 2611 παρ’
800 2525 913 2608 ἐκείνης
929 2526 1093 2609 είρημίνων
1106 2526 1203 2590 ἐνίων.
1236 2528 1319 2612 λίγε-

209 2654 260 2693 ται
277 2626 324 2695 ὅτι
340 2626 473 2714 γυμνοός
489 2654 563 2695 ποτε
577 2628 693 2714 ἀνδρας
708 2629 788 2715 αὐτῇ
804 2624 1052 2711 ἀπαντήσαντας,
1078 2630 1130 2693 καὶ
1149 2630 1318 2711 μίλλοντας

278 2852 349 2925 θμή
366 2876 394 2910 τι
412 2858 445 2923 Α,
461 2850 500 2925 μή
518 2856 585 2911 PW.
704 2851 957 2912 tenetentum.
1075 2858 1106 2911 ll
1124 2858 1180 2911 soie
1195 2877 1239 2912 orn
1257 2859 1315 2915 ΑΒ.

276 2921 498 3051 ὲζοὲτῇἀῖἐω.
559 2925 593 2979 18
609 2919 642 2978 dl
658 2943 700 2979 om
716 2926 771 2981 AB.
867 2925 902 2979 Ἃ)
920 2918 1004 2979 οὐδὲν
1022 2920 1055 2978 dl
1076 2956 1110 2965 -
1129 2923 1258 2997 Τιβέριος
1273 2947 1315 2981 om

208 3201 257 3253 bet
275 3199 316 3252 vel
331 3199 478 3253 occidebat.
513 3199 640 3267 quendam
658 3200 703 3269 qui
723 3199 846 3253 Caesaris
862 3205 891 3251 et
908 3196 1021 3264 Augusti
1039 3211 1083 3249 res
1100 3202 1206 3266 gestes,
1232 3216 1317 3269 neque

209 3265 347 3336 quicquam
364 3276 452 3320 umen
469 3274 562 3319 contra
580 3285 626 3320 aea
644 3268 807 3339 scripserat,
823 3265 954 3335 supplicio
971 3264 1079 3330 affecit3
1104 3274 1132 3317 et
1148 3266 1232 3333 ipsum
1250 3269 1317 3320 scri-

209 3342 282 3405 ptum
299 3337 448 3405 ubicunqne
465 3336 583 3404 reperire
601 3336 685 3406 potuit
702 3338 811 3401 exussit,
828 3334 898 3402 qood
916 3333 974 3386 illos
991 3350 1043 3385 uon
1061 3342 1190 3386 omasset.
1216 3336 1317 3401 pleros-

209 3420 262 3474 que
279 3406 355 3472 quasi
371 3405 424 3457 eibi
442 3404 638 3456 maledixissent
654 3404 804 3462 interiecit3
822 3411 850 3453 et
862 3402 978 3453 Sabinus
994 3403 1099 3471 qnidam
1118 3403 1152 3453 ob
1170 3400 1318 3456 huiuamodi

209 3472 307 3524 crimen
325 3472 351 3523 in
369 3490 500 3526 cernerem
517 3472 651 3525 coniectus
668 3482 696 3525 et
713 3474 816 3525 occisus
834 3479 883 3533 est,
901 3479 929 3523 et
946 3471 1063 3523 cadaver
1079 3469 1138 3521 eius
1154 3469 1182 3519 in
1199 3470 1319 3524 Tiberim

210 3541 349 3595 abiectum.
381 3542 407 3594 id
432 3539 534 3593 lacinus
559 3558 616 3594 curu
638 3558 685 3611 per
707 3558 736 3593 ae
760 3550 838 3593 atrox
856 3538 954 3605 visum,
981 3547 1034 3590 turn
1053 3555 1101 3607 per
1117 3537 1211 3590 Sabini
1228 3556 1318 3593 ceuceu

209 3610 325 3663 atrocius
342 3609 449 3666 iactum.
472 3611 496 3663 is
514 3611 658 3663 enimcum
678 3612 740 3662 hero
757 3624 806 3660 auo
824 3625 956 3660 carcerem
974 3607 1110 3674 ingressus
1129 3613 1172 3660 cst
1190 3617 1219 3659 et
1237 3608 1318 3661 inter-

209 3681 278 3732 tecto
303 3678 404 3731 mandit
426 3688 454 3732 et
478 3696 509 3731 eo
533 3680 561 3731 iu
585 3679 756 3749 profluentem
780 3676 885 3729 abiecto
902 3677 962 3746 ipse
979 3693 1085 3746 quoque
1102 3694 1132 3729 se
1147 3677 1319 3747 praecipitem

209 3748 293 3801 dedit.
329 3746 393 3799 haec
410 3764 493 3816 pauca
509 3749 542 3800 de
559 3748 647 3801 multis
666 3756 862 3798 commemorata
880 3751 951 3799 aunt.

313 3815 392 3868 Liria
409 3824 494 3871 autem
512 3834 580 3870 anno
599 3816 695 3870 aetatis
713 3814 892 3867 sadecenu:
919 3830 995 3882 quarn
1013 3813 1141 3867 Tiberius
1158 3830 1207 3866 nec
1222 3831 1318 3881 aegro·

209 3892 309 3939 tentent
327 3883 421 3937 invisit
437 3903 485 3938 uec
503 3892 628 3938 mortuam
647 3884 797 3949 bonoravit,
817 3883 868 3935 nisi
884 3884 977 3935 funere
994 3891 1022 3935 et
1038 3884 1133 3936 statuis
1151 3884 1317 3951 quibusdam.

210 3963 316 4007 senatus
334 3962 420 4006 auteur
438 3954 592 4007 traducendi
609 3954 710 4007 'liberii
728 3969 809 4004 causa
825 3953 921 4004 luctum
938 3952 1021 4005 totins
1044 3953 1105 4004 enni
1131 3953 1256 4003 matronis
1276 3953 1318 4003 in-

209 4024 292 4085 dixit3
319 4030 347 4075 at
371 4022 442 4091 qnod
459 4031 487 4075 et
503 4024 596 4075 multos
612 4042 645 4075 ex
663 4040 694 4075 eo
712 4020 806 4074 ordine
823 4030 1008 4074 conservasset
1025 4028 1052 4073 et
1069 4021 1164 4073 liberos
1182 4021 1318 4071 multorum

211 4092 321 4146 sinisset
338 4100 367 4144 et
383 4090 453 4143 lilius
469 4092 606 4145 multorum
624 4094 762 4157 siccasset,
781 4089 847 4142 aliea
864 4089 945 4141 etiarn
965 4092 1078 4141 honores
1097 4090 1122 4141 ei
1140 4087 1241 4139 habuit.
1271 4087 1318 4138 sed

211 4161 335 4213 'liberine
353 4159 448 4212 nemini
466 4160 603 4278 quicquam
622 4162 695 4213 dedit
712 4162 781 4229 quod
799 4161 844 4211 ille
861 4160 970 4226 legarat.
1006 4159 1138 4210 enimvero
1162 4154 1231 4206 dicta
1254 4171 1319 4224 quo·

211 4244 262 4296 quo
280 4229 373 4282 Liviae
391 4230 514 4313 nonnula
535 4231 677 4312 referende
700 4237 784 4313 suut..
804 4245 865 4313 cum
887 4227 1029 4295 aliqnando
1054 4225 1112 4305 viri¹
1134 4222 1233 4290 aliquot
1254 4240 1319 4346 siro.

211 4305 300 4365 pterea
318 4301 389 4366 qnod
407 4298 471 4353 nndr
489 4314 515 4350 es
534 4306 711 4351 ocournescnt
729 4298 866 4351 occidenda
883 4302 985 4361 esseut,
1009 4297 1128 4347 εεινενιλ
1145 4306 1191 4343 eoa
1209 4298 1238 4344 et
1280 4301 1320 4347 art
