3134 4909
565 297 779 364 tunsurus
802 300 855 393 rx
879 301 929 383 ια.
973 275 1009 396 sp
1153 286 1160 297 '
1227 305 1300 374 aar
1336 318 1340 330 “

189 459 374 550 ίηθάρησαν
392 468 497 528 πολλοὶ
515 470 566 530 καί
582 471 669 534 innoc
687 472 737 533 καλ
757 469 927 555 ἀνθρωποι.
950 471 979 535 oi
992 469 1137 555 Ῥωμαῖοι
1154 467 1187 539 δὲ
1204 484 1301 542 ταῦτα

189 563 384 648 πεποιηκότες
407 567 514 644 νυκτδς
536 571 592 651 μὲν
617 571 706 636 οὐδὲν
730 572 859 653 ἔπαθον,
885 570 1001 660 ῆμίροις
1026 577 1058 640 δ’
1089 578 1301 665 ἔπιραυσάσης

181 667 301 751 Ἴβηρες
327 668 396 754 ἀρτι
424 672 649 755 Καρχηδονίοις
675 677 723 738 ἐπί
751 679 912 765 συμμαχίη
941 675 1083 774 ίλθόντες
1113 682 1298 767 προσίπεσσν

188 773 293 847 αὐτοῖς
310 771 534 856 ἀπροσδόκητοι
552 780 602 840 καί
620 777 752 855 πολλοὺς
769 778 954 846 ἀπέκτειναν.
1124 832 1128 841 ,

161 883 179 936 5
291 875 398 952 Εὐθὺς
417 868 470 940 σόν
489 877 681 966 Ἀσδροάβας
696 882 752 963 μίν
770 884 812 959 είς
829 884 886 964 τῆν
904 880 1108 966 Καρχηδόνα,
1134 883 1245 973 Σόραξ
1263 891 1298 954 δὲ

187 975 290 1041 οίκαδε
310 976 513 1064 ἀπεχώρησεν.
566 980 582 1046 ὃ
602 985 684 1069 d'e‘ys
702 984 837 1049 Σκιπίων
854 983 1121 1071 §corruptioris
1141 993 1263 1054 Μασινί
1280 1029 1296 1042 ·

185 1105 244 1144 σαν
262 1082 311 1143 καί
328 1079 421 1145 Γάϊον
439 1081 577 1159 ἀντέταξε
590 1088 735 1166 Λαίλιον,
754 1113 847 1164 αττος
865 1093 883 1152 δ
917 1091 965 1152 ἔπι
984 1113 1054 1165 τους
1067 1093 1299 1178 Καρχηδονίους

184 1181 307 1266 ῆλασεν.
359 1184 387 1246 oi
406 1185 440 1249 δ’
462 1176 502 1248 αὖ
521 1187 727 1271 Καρχηδόνιοι
744 1191 822 1275 πρὸς
838 1190 873 1256 τό
890 1189 989 1274 ίρυμα
1006 1199 1067 1256 τῶν
1080 1190 1249 1274 Ῥωμαίων,
1270 1188 1297 1282 ᾧ
1366 1191 1378 1245 ἶ

181 1288 333 1371 χειμαδίῳ
351 1289 481 1370 ἐχρῶντο
499 1292 549 1351 καλ
568 1292 598 1365 ἐς
616 1290 631 1354 il
651 1291 828 1356 ἀπετίθεντο
846 1291 962 1371 πάντα,
985 1302 1058 1372 ναός
1075 1295 1228 1379 ίπεμψαν,
1244 1301 1296 1362 ’ίνα

144 1387 205 1470 1οῆ
230 1387 303 1452 alti
329 1387 498 1474 αἱρῆσωσιν
522 1389 544 1473 'l
567 1391 626 1478 ἀφ’
653 1390 768 1458 ἑαυτῶν
792 1393 930 1472 ἀπάξωσι
954 1395 1006 1461 τόν
1030 1401 1194 1464 Σκιπίωνα.
1244 1405 1336 1466 καὶΒ

185 1489 270 1573 ἴσχεν
287 1489 400 1568 οὕτως’
426 1492 541 1573 μαθών
566 1493 625 1578 γάρ
650 1495 684 1560 τό
709 1491 864 1579 γινόμενον
882 1499 1053 1582 ἀπανίστη,
1079 1504 1129 1564 καί
1148 1505 1297 1584 ἐπειχθείς

182 1595 260 1680 πρὸς
277 1596 329 1659 τὸν
347 1592 549 1676 ναόσταθμον
567 1596 619 1660 διά
637 1603 777 1684 φυλακῆς
794 1600 889 1664 αὐτόν
905 1600 1080 1684 ίποιῆσατο.
1118 1607 1224 1690 “alfsi
1240 1607 1297 1687 μίν

182 1696 288 1782 πρώτη
316 1694 416 1786 ῆμίρρι
443 1697 556 1786 ῥηιδίως
582 1700 655 1775 τοός
681 1703 907 1785 προσμίξαντας
934 1702 1039 1780 αὐτοῖς
1064 1703 1240 1771 ἀπεώσαντο
1267 1708 1297 1771 oi

178 1795 323 1880 Ῥωμαῖοι
332 1847 341 1878 ,
366 1807 405 1884 τῇ
423 1801 453 1862 δ’
473 1797 619 1891 όστεραίρι
636 1803 714 1868 πολὺ
732 1803 973 1886 ἠλαττώθησαν·
1000 1808 1050 1870 καί
1068 1813 1143 1884 ναός
1159 1808 1219 1894 γὰρ
1236 1816 1297 1875 τῶν

142 1897 339 1982 15Ῥωμαίων
358 1908 470 1986 χειρῶν
493 1907 628 1988 σιδηρῶν
651 1908 777 1992 ἐπιβολῇ
802 1905 990 1972 ἀπέσπασαν.
1042 1908 1194 1993 ἀποβῆναι
1213 1911 1246 1974 δ’
1266 1917 1297 1990 ίς

182 2005 239 2085 τῆν
256 2011 311 2088 γῆν
328 2005 383 2070 οόκ
401 2003 583 2089 ἐτόλμησαν,
609 2008 682 2072 ἀλλ’
704 2007 944 2088 ἀναπλεύσαντες
962 2010 1065 2074 olitaria
1081 2012 1135 2076 τόν
1147 2013 1296 2099 Ἅσδροό-

180 2113 242 2187 βαν
261 2107 542 2196 ἀπεχειροτόνησαν,
563 2109 696 2177 Ἄννωνα
721 2113 758 2177 δί
778 2137 845 2178 τινα
870 2112 1057 2178 ἀνθείλοντο.
1109 2116 1169 2180 κάκ
1184 2115 1295 2184 τοτ’του

176 2209 289 2276 ’Άννων
305 2213 360 2293 μίν
378 2213 547 2298 στρατηγὸς
564 2205 612 2296 ἦν,
638 2216 749 2290 ἐκεῖνος
772 2216 808 2280 δὲ
832 2215 910 2279 καθ’
938 2213 1047 2280 εἀυτδν
1066 2216 1196 2294 δούλους
1212 2221 1297 2296 τινάς

181 2316 232 2376 καλ
260 2311 450 2395 αὐτομόλους
474 2316 666 2400 παραλαβών
693 2313 824 2400 δόναμιν
850 2304 906 2380 oris
934 2316 1054 2398 ἀσθενῆ
1083 2317 1295 2402 συνεκρότησε,

140 2415 239 2478 illuni
253 2439 337 2488 τινας
359 2423 419 2478 τῶν
440 2415 569 2500 Ἰβῆρων
586 2421 646 2482 τῶν
663 2419 949 2500 συστρατευομένων
966 2424 1009 2502 τῷ
1027 2421 1171 2483 Σκιπίωνι
1189 2419 1294 2508 κρόφα
1311 2435 1335 2486 0

184 2516 348 2590 ἀναπείσας
374 2516 542 2599 ἐπεχείρησε
560 2517 668 2594 νυκτός
683 2519 899 2597 ἐπιβουλεῦσαι
915 2523 961 2604 τῷ
976 2522 1171 2608 στρατοπίδῳ
1188 2523 1294 2588 αὐτοῦ.

182 2615 240 2680 κάν
257 2614 450 2704 ἐξειργάσατό
469 2643 497 2682 τι
505 2665 515 2696 ,
542 2623 568 2684 εί
583 2618 626 2702 μῆ
645 2621 676 2686 o‘i
687 2645 718 2685 τε
731 2618 855 2702 μάντεις
866 2617 927 2684 όπδ
941 2620 1075 2705 ὀρνίθων
1087 2625 1294 2708 ίκταραχθίν-

163 2743 231 2796 .τες
248 2724 298 2784 καί
316 2717 335 2804 'l
353 2727 409 2785 rori
427 2724 625 2787 Μασινίσσου
648 2721 750 2809 μήτηρ
774 2722 930 2789 θειάσασα
953 2721 1077 2807 ζήτησιν
1092 2727 1194 2794 νότιόν
1210 2733 1290 2813 yrol-

249 2967 284 3018 10
301 2961 466 3035 αίρῆσονσιν
483 2965 516 3020 Β.
632 2891 825 3024 wilstanus
840 2970 873 3025 A.

178 3120 208 3170 in
226 3117 320 3186 quibus
336 3118 411 3172 multi
429 3127 458 3172 et
476 3138 491 3173 e
511 3121 537 3174 ui
556 3127 584 3174 et
601 3122 719 3175 homines
737 3123 884 3194 perierunt.
919 3124 1031 3177 Romani
1055 3141 1111 3176 curn
1131 3124 1199 3194 boec¹
1211 3133 1291 3180 noctu

178 3192 391 3256 perpetrassent,
416 3188 483 3241 nibil
500 3191 652 3244 incommodi
670 3199 842 3262 acceperunt:
869 3191 916 3243 sed
940 3209 1014 3244 mane
1031 3191 1146 3261 Hispani
1164 3196 1209 3260 qni
1227 3196 1292 3247 Cer-

179 3254 387 3323 theginiensibus
404 3275 495 3314 reeens
513 3259 611 3314 anxilio
629 3270 759 3314 venerant
776 3279 809 3315 ex
826 3261 970 3329 improviso
987 3261 1087 3330 inpetu
1103 3262 1129 3313 in
1147 3260 1207 3312 illos
1220 3263 1291 3314 iacto

179 3324 274 3376 rnultos
292 3325 453 3380 occiderunt.
1333 3339 1339 3346 “

199 3461 206 3474 Ι
282 3393 347 3446 Inde
365 3394 515 3479 Hasdrubal
526 3397 620 3479 ,stutirp
639 3397 721 3451 Carth
757 3397 840 3478 inens,
862 3395 973 3466 Syphax
986 3396 1092 3478 dorsum
1108 3392 1197 3450 rediit.
1232 3396 1292 3448 Sci·

179 3461 735 3602 {diditititillzzittlllti.
753 3463 1294 3601 ..dilitdd¹¹¹btstt⁰tltiit

179 3597 293 3651 Romani
311 3599 489 3667 hibernarent,
526 3619 612 3671 uoque
629 3604 716 3656 ornniu
735 3620 783 3656 sua
801 3601 981 3666 contulerant,
1001 3617 1084 3653 naves
1103 3601 1246 3668 miserunt,
1264 3608 1293 3655 ut

180 3678 227 3720 aut
244 3683 290 3720 eas
307 3677 433 3735 caperent
450 3679 496 3724 aut
536 3672 665 3740 cipioneur
684 3690 701 3725 a
718 3689 778 3724 sese
795 3678 972 3723 removerent.
1008 3686 1057 3720 nec
1075 3670 1199 3723 frustrati
1216 3679 1292 3723 sunt:

180 3753 211 3788 eo
231 3736 301 3789 enim
318 3738 439 3804 cognito,
465 3740 602 3794 obsidione
624 3740 717 3793 relicta
743 3757 860 3810 propere
877 3738 1017 3790 stationem
1036 3739 1141 3792 narinrn
1158 3741 1293 3794 custodiit.
1358 3749 1366 3759 ⁴

178 3803 262 3874 prirno
280 3804 322 3856 die
340 3805 430 3858 hostes
447 3809 525 3861 facile
544 3811 732 3878 propulserunt
747 3807 876 3870 Romani,
901 3805 1028 3876 postridie
1054 3807 1131 3876 longe
1151 3807 1292 3861 inferiores

178 3876 303 3926 suerunt:
332 3890 391 3926 nsrn
417 3873 651 3944 Carthaginienses
674 3878 771 3930 ferreis
796 3877 916 3928 inanibus
942 3876 1049 3928 iniectis
1079 3893 1161 3929 nares
1190 3877 1293 3946 aliquot

179 3959 267 3994 eorum
284 3942 455 3995 revellerent.
489 3947 536 3998 sed
555 3947 582 3999 in
601 3956 696 4000 terrrrn
716 3947 876 3998 exscendere
894 3961 946 3998 non
965 3945 1037 4009 susi,
1061 3945 1173 3998 navibus
1191 3945 1293 3998 domurn

179 4009 313 4076 reductis,
338 4011 473 4080 imperium
491 4013 652 4069 Hasdrubali
669 4017 825 4084 abrogatum
841 4013 965 4066 Hannoni
989 4013 1090 4066 cuidarn
1115 4013 1292 4066 tradiderunt.

178 4078 237 4130 inde
255 4079 406 4132 Hasdrubal
430 4083 515 4134 servis
539 4093 568 4136 et
590 4085 693 4138 transtu
714 4084 736 4138 is
762 4083 893 4149 susceptis
909 4093 1003 4152 suapte
1020 4081 1289 4161 auctoritatocopius

178 4163 230 4197 non
243 4147 393 4202 'imbecilles
418 4149 521 4218 coegit,
546 4161 573 4204 et
596 4153 722 4222 Hispanis
746 4153 793 4223 qui
817 4153 843 4204 in
866 4151 962 4203 castris
985 4149 1119 4220 Scipionis
1138 4149 1288 4202 militabant

178 4213 230 4266 sibi
246 4216 311 4270 claun
327 4217 473 4272 conciliatis
491 4229 569 4272 noctu
587 4229 675 4274 castra
692 4222 749 4274 eius
766 4239 799 4275 ex
817 4219 921 4273 insidiis
938 4220 1036 4272 adoriri
1056 4218 1182 4271 institnit.
1207 4224 1287 4284 atque

178 4282 311 4339 effecisset
335 4285 447 4359 aliquid,
476 4286 528 4340 nisi
546 4293 572 4340 et
591 4305 703 4358 augures
720 4289 844 4362 auspiciis
862 4289 963 4343 turbati
981 4296 1009 4342 et
1028 4285 1187 4340 Masinissae
1204 4295 1287 4340 mater
