3134 4909
531 212 746 280 antistium
769 214 822 279 XI
847 214 900 285 24.
1189 216 1265 287 519

254 383 293 451 ‘0
314 386 371 468 μὲν
394 383 434 468 δὴ
459 383 537 471 πρὸς
556 383 725 462 Ἰουδαίους
740 378 872 469 αόλεμος
888 381 985 465 οὕτως
1000 384 1131 471 ἤνυστο,
1158 390 1227 473 (24)
1244 386 1302 457 dc

155 491 191 554 di
213 485 291 574 πρὸς
311 484 478 568 Ἀλβανοός
499 487 571 571 (εἰσὶ
594 489 628 552 δὲ
651 489 860 573 Μασσσηίται
885 489 965 555 κατὰ
988 489 1044 556 τὸν
1057 491 1177 577 Δίωνα)
1200 489 1261 559 ἀπὸ

157 587 372 679 Φαρασμάνου
387 590 538 672 κεκίνητο·
563 593 615 657 καλ
639 592 696 675 τὴν
718 593 775 674 μίν
793 594 923 676 Μηδίαν
944 594 1013 665 λίαν
1036 592 1182 677 ίλόπησε,
1207 601 1263 677 τῆς

155 693 191 759 δ’
205 694 365 781 Ἀρμενίας
381 695 432 759 καὶ
446 699 501 776 τῆς
518 696 741 771 Καππαδοκίας
756 692 862 777 ἥψατο
879 696 945 779 μίν,
970 700 1031 761 τῶν
1050 697 1081 762 δ’
1105 698 1263 782 Ἀλβανῶν
1345 744 1346 749 1

128 802 198 880 5πῆ
213 799 271 880 μὸν
290 793 400 881 δώροις
415 797 600 863 πεισθίντων
615 804 658 877 πῆ
676 798 710 861 δὲ
727 795 891 863 δεισάντων
907 795 1071 871 ἐπαύσατο.

254 897 375 965 Ἔλθῶν
398 900 432 963 δὲ
448 902 490 976 είς
505 898 561 983 τὴν
573 895 693 983 Ῥῶμην
711 899 870 986 Ἀδριανὸς
886 904 1020 967 αἰτοῦντι
1036 908 1079 991 τῷ
1097 897 1186 988 δήμῳ
1203 899 1262 987 ἀρ·
1315 908 1318 913 ’

152 1000 334 1087 ματηλάτην
357 1004 467 1067 δοῦλον
489 1003 665 1087 ἐλευθερίας
688 1013 799 1087 τυχεῖν,
827 1002 961 1069 ἀντεῖπεν
978 1000 1020 1081 ῶς
1040 1001 1100 1068 “οῦ
1118 1001 1263 1089 προσήκει

153 1103 223 1170 οὔτ’
243 1106 310 1191 ἐμοὶ
327 1101 487 1191 ἀλλότριον
502 1105 707 1190 ἐλευθερῶσαι
725 1107 845 1185 δοῦλον,
863 1105 938 1171 οὔθ’
956 1102 1029 1189 ῦμῖν
1045 1106 1098 1172 τὸν
1114 1104 1263 1189 δεσπότην

154 1208 253 1274 αῦτοῦ
276 1213 401 1291 ποιῆσαι
422 1213 512 1273 τοῦτο
537 1201 735 1288 esttecum?
787 1205 921 1291 νοσήσας
944 1209 994 1287 di,
1027 1210 1156 1292 αἵματος
1178 1209 1263 1297 αὐτῷ

112 1310 210 1378 1οδιά
231 1317 287 1396 τῆς
307 1309 391 1398 ῥινὸς
412 1311 590 1392 κενουμένου
597 1358 609 1390 ,
635 1313 684 1375 καλ
706 1310 931 1395 ἀπογνωσθείς,
959 1309 1103 1392 Κόμοδαν
1119 1309 1259 1377 Λοόκιυν
1274 1323 1300 1376 Ι)

148 1416 304 1500 Καίσαρα
322 1411 483 1495 Ῥωμαίοις
500 1413 610 1479 ἀνεῖπε.
662 1414 847 1499 Σευηριανὸν
865 1415 898 1478 δὲ
915 1416 965 1479 καὶ
986 1418 1128 1480 Φοῦσκον
1143 1413 1196 1478 τὸν
1213 1412 1264 1497 i'y-
1353 1445 1366 1461 =

151 1541 243 1600 μονον
267 1517 512 1599 ἀγανακτοῦντας
536 1517 585 1579 ini
612 1513 711 1602 τούτῳ
738 1513 913 1601 ἐφόνευσεν·
952 1508 990 1597 ἦν
1020 1518 1054 1581 di
1080 1515 1265 1601 Σευηριανὸς

152 1615 410 1703 δνενηκοντοότης.
443 1617 496 1710 1ὸς
513 1618 729 1704 ἀποσφαγῆναι
745 1618 864 1700 μίλλιον
879 1624 941 1699 πῦρ
958 1616 1050 1707 ᾔτησε
1069 1621 1120 1683 καὶ
1140 1624 1263 1700 θυμιῶν

152 1716 213 1805 ἔφη
240 1718 365 1805 “ῦμεῖς,
397 1713 422 1785 ui
447 1721 533 1799 θεοί,
565 1721 628 1786 ἴστε
655 1718 701 1783 ότι
727 1722 816 1786 οῦδὲν
843 1721 956 1785 ἀδικῶ·
991 1719 1118 1803 εῦχυμαι
1147 1722 1181 1785 δὲ
1210 1720 1263 1786 τὸν

113 1820 313 1910 ιεἈδριανὸν
334 1822 524 1906 ἐπιθυμῆσαι
548 1823 725 1902 ἀποθανεῖν,
749 1823 795 1908 μὴ
821 1821 974 1891 δύνασθαι
1002 1822 1069 1887 di.n
1121 1820 1196 1888 ὅθεν
1212 1823 1264 1887 καλ

150 1928 285 2012 χρυνίιυς
307 1922 440 2007 νοσήσας
464 1925 623 2011 Ἀδριανὸς
649 1925 763 2009 ηὔξατο
795 1924 940 2004 πολλάκις
963 1927 1153 2009 ἀποσβῆναι,
1185 1922 1261 2001 ῶστε

153 2032 206 2093 καλ
231 2026 340 2095 ἑαυτὸν
362 2029 508 2112 ἐθελῆσαι
530 2030 790 2116 διαχειρίσασθαι.
842 2025 858 2092 ὸ
882 2030 986 2113 μίντοι
1004 2027 1190 2115 Σευηριανὸς
1213 2030 1263 2093 καί

134 2130 241 2221 'uisui
264 2136 309 2219 τῷ
328 2131 476 2219 Ἀδριανῷ
503 2128 588 2209 ἄξιος
611 2139 666 2215 τῆς
690 2132 860 2213 αῦταρχίας
876 2130 1043 2214 νενόμιστο.
1095 2132 1187 2195 eineis
1203 2129 1262 2215 γάρ

153 2242 218 2313 τοῖς
235 2236 335 2323 φίλοις
350 2235 423 2299 ποτὲ
436 2237 489 2299 ἵνα
507 2235 582 2298 δέκα
596 2232 711 2320 ἄνδρας
722 2236 869 2315 δοκίμους
880 2238 922 2309 εἰς
936 2233 1102 2319 αὖταρχίαν
1116 2228 1261 2315 ἓξονομά-
1280 2243 1301 2297 Ρ
1318 2239 1332 2295 l
1349 2241 1400 2299 ⁵91

227 2443 245 2494 θ
261 2434 421 2501 dicendast
432 2457 491 2493 mox
502 2435 648 2493 α’λανῶνλ
663 2444 692 2491 et
701 2439 851 2507 Xiphiiinns
863 2441 951 2509 vulgo.
1020 2434 1187 2511 Messapiam
1199 2442 1264 2496 PW.

225 2506 277 2565 τὸν
294 2527 334 2562 om
346 2510 378 2562 λ.
462 2509 611 2576 θαοιῆσαι
628 2507 711 2561 τοῦτο
723 2509 780 2574 ΑΒ,
797 2509 880 2562 τοῦτο
893 2510 1009 2578 ποιῆσαι
1021 2510 1088 2564 Pw.
1177 2512 1209 2564 ll
1222 2528 1264 2581 sq.

226 2572 412 2647 Σευηριανὸν]
425 2573 709 2646 Σερουῖανὸνροείσε.
729 2577 796 2635 lixa.
816 2578 878 2632 Vat.
898 2580 950 2633 104
967 2580 1034 2633 maia
1049 2573 1094 2635 ὅτι
1110 2576 1126 2632 ὸ
1145 2580 1265 2633 Σιλουα·
1296 2576 1300 2587 ’

220 2642 277 2709 -κὸς
293 2644 342 2699 καὶ
359 2647 483 2709 Φοῦοκος
499 2641 556 2697 ἀπὸ
571 2640 713 2709 Ἀδριανοῦ
729 2640 929 2717 ἀνῃρέθησαν·
947 2642 1016 2713 ὅπερ
1033 2644 1136 2715 μαθὼν
1152 2648 1263 2719 Σερβίλ-

227 2719 285 2778 λιος
301 2710 457 2784 λιβανωτὸν
470 2713 590 2782 καὶπῦρ
608 2712 693 2786 ᾔτησε
709 2724 762 2771 etc.
834 2717 869 2772 16
886 2711 1051 2784 όάδρεανδς
1066 2718 1098 2775 Β.
1360 2724 1363 2729 ’

259 2852 388 2905 Pennas.
425 2853 492 2920 Gap.
509 2852 553 2907 24.
590 2852 685 2905 Diania
700 2852 839 2905 Historiae
857 2855 996 2905 Humanae
1017 2854 1062 2910 iii.
1079 2853 1115 2909 69
1136 2874 1158 2909 e.
1178 2855 1211 2910 15
1230 2884 1264 2894 -

226 2939 249 2974 e.
269 2921 313 2980 23.
351 2922 460 2975 suesti
477 2921 614 2996 Historiae
630 2922 823 2975 eeaiesinstiese
840 2922 885 2979 tis.
904 2920 922 2975 4
939 2940 962 2979 e.
979 2922 998 2973 4
1013 2952 1049 2961 —
1066 2942 1089 2977 e.
1108 2923 1135 2977 8.
1226 2942 1232 2954 ·

261 3108 299 3161 Et
314 3108 358 3161 laic
373 3106 437 3161 belii
454 3106 556 3160 Iudaici
573 3108 626 3162 t'uit
641 3109 743 3162 eritnse
760 3110 823 3176 (24)
842 3108 995 3163 Albanienm
1013 3126 1078 3162 rere
1093 3108 1188 3161 bellum
1206 3109 1265 3175 (st-

154 3177 219 3231 bani
236 3176 321 3229 Dione
338 3184 446 3229 auctore
464 3177 631 3245 Massagetae
648 3180 725 3243 sunt)
742 3196 759 3230 a
770 3178 947 3231 Pharasmane
962 3186 1003 3229 est
1014 3184 1177 3229 commotum.
1195 3178 1267 3246 quod

154 3244 271 3299 Mediam
289 3246 424 3297 admodum
442 3244 555 3311 afflixit,
579 3246 728 3297 Armeniam
746 3264 810 3298 rere
829 3252 857 3299 et
875 3246 1069 3329 Cappadociam
1093 3245 1185 3315 attigit
1207 3246 1266 3314 qui-

155 3316 231 3380 dem,
248 3314 295 3366 aed
311 3312 421 3367 Albanis
437 3314 534 3384 partim
551 3314 701 3368 maneribus
717 3314 834 3367 delinitis
852 3324 948 3383 partum
963 3322 1034 3368 metu
1051 3314 1153 3369 aversis
1166 3314 1266 3366 exstin-

154 3394 228 3437 ctum
249 3390 300 3436 est.
385 3405 388 3409 ·

238 3505 244 3515 ,
261 3450 369 3503 Romam
382 3467 505 3504 reversus
517 3448 665 3502 Hadrianus
683 3450 781 3519 populo
795 3466 900 3503 serrum
915 3450 1088 3517 aurigantem,
1105 3448 1173 3502 utin
1185 3448 1266 3503 iiber·

157 3528 237 3575 tatem
255 3530 436 3587 assereretur,
462 3520 596 3587 flagitanti
613 3518 715 3570 restitit
731 3516 778 3569 his.
793 3519 879 3577 verbis
894 3512 1001 3589 “neque
1019 3536 1060 3569 me
1078 3517 1191 3571 alienum
1210 3536 1268 3571 ser-

157 3608 218 3643 vum
241 3588 367 3640 libertate
389 3588 488 3641 donare
510 3606 596 3656 neque
620 3603 668 3638 vos
690 3585 794 3639 domino
812 3588 869 3641 eius
888 3589 940 3639 vim
957 3588 1053 3639 afferre
1071 3582 1171 3641 decet*
1208 3603 1264 3640 cum

158 3656 678 3779 atiittctttii‘stiit
695 3654 1267 3793 tatuit”¹333033t0‘220‘missiffl

157 3807 231 3865 peta,
250 3794 295 3863 qui
312 3794 339 3846 id
357 3811 435 3862 aegre
452 3796 582 3857 ferebant,
601 3794 714 3848 eccisia=
731 3803 791 3847 erat
808 3766 894 3848 aut’am
907 3792 1068 3846 Severianus
1085 3808 1167 3845 annos
1185 3808 1267 3846 nona·

159 3865 232 3933 ginta
250 3870 337 3919 natus.
371 3864 416 3983 ησί
434 3881 492 3915 cum
509 3863 667 3917 occidendus
685 3868 772 3930 esset,
801 3862 858 3933 igni
883 3863 1016 3933 postulato
1034 3862 1179 3929 suffituque
1196 3862 1266 3913 facte

159 3932 228 3986 dixit
239 3926 319 3997 “rea
339 3949 355 3984 ο
389 3932 409 3983 ii
425 3932 594 3998 immortales,
611 3932 696 3986 nostis
713 3949 754 3985 me
772 3932 901 3985 insontem
919 3948 986 3986 esse.
1018 3930 1082 3984 iilud
1100 3938 1187 3983 autem
1204 3946 1267 4000 pra·

160 4018 213 4066 eor,
230 4008 263 4053 nt
278 4000 430 4053 Hadrianus
448 4000 514 4052 meri
530 4001 628 4071 cupiat,
646 4019 695 4055 nec
713 3994 826 4071 possit.’'
847 4018 879 4053 ac
895 3999 1047 4053 Hadrianus
1064 3997 1267 4067 diuturnitatem

160 4070 245 4122 morbi
262 4077 400 4139 pertaesus
418 4084 499 4137 saepe
521 4078 628 4123 morte·
652 4070 771 4141 optavit,
799 4085 879 4138 saepe
902 4085 993 4121 manus
1014 4067 1068 4120 sibi
1090 4068 1148 4136 ipsa
1171 4066 1267 4118 afferre

160 4137 253 4193 voluit.
288 4156 320 4192 ac
338 4135 508 4190 Severianum
524 4138 675 4193 Hadrianus
691 4138 747 4225 ipse
765 4138 877 4208 imperio
894 4138 998 4219 dignum
1015 4136 1188 4189 iudicaverat.
1208 4150 1267 4186 narn
1316 4178 1320 4186 .
1404 4168 1407 4175 ·

161 4222 220 4259 eum
237 4206 335 4262 amices
352 4206 493 4278 aliquando
510 4206 562 4260 sibi
578 4206 667 4263 decem
682 4226 757 4264 mres
778 4207 887 4279 imperio
908 4206 1004 4275 diguus
1027 4202 1160 4258 nominare
1176 4201 1267 4257 iussis-
