3134 4909
275 280 326 353 80
636 282 810 355 loannis
833 282 1032 355 ZONdeE

274 459 392 544 εἰσῆγεν
418 447 513 535 αὖθις
535 456 647 535 αύτοδς
668 458 921 545 γυμνασαμένους
942 455 1054 537 εύθύς·
1080 455 1166 535 τέλος
1187 455 1222 521 δ’
1248 457 1292 533 εἰς
1314 482 1391 537 τους

274 559 477 649 προφύλακας
500 568 561 629 τῶν
579 559 737 645 Ῥωμαίων
759 563 899 647 λνίβαλεν
922 560 1060 641 ἅπαντας
1081 565 1132 627 καλ
1151 559 1235 647 ύγειν
1252 560 1390 633 ἔνίλιυσε

275 666 354 753 πρὸς
370 664 422 731 τδν
440 663 610 749 Κάμιλλον,
636 670 687 733 κοιλ
702 667 865 755 παραστὰς
881 667 968 756 αύτῷ
982 674 1085 733 πᾶσαν
1101 663 1163 731 sine
1178 663 1387 751 παραδιδόναι

237 780 262 837 0
278 770 335 854 τήν
351 766 439 835 πόλιν
457 769 509 835 διδ
525 777 586 839 τῶν
603 772 730 839 παίδων.
781 774 892 850 ἐκεῖνος
910 773 945 837 δὲ
960 770 1059 837 δεινδν
1074 768 1110 835 τό
1127 768 1214 855 ἔργον
1229 765 1388 854 ἡγησόμε-

274 898 343 953 νος,
369 876 420 939 καλ
446 873 539 961 ἀρετῇ
562 872 666 962 φήσας
681 878 748 967 ἰδίη
764 876 818 942 τδν
832 876 928 962 μίγαν
944 872 1113 963 στρατηγόν
1129 872 1201 937 ἀλλ’
1220 872 1276 940 oris
1290 873 1410 939 ἀλλο-5

274 978 344 1069 τρίρ
361 978 452 1069 κακίᾳ
468 983 647 1066 θαρροῦντα
660 988 777 1068 χρῆναι
793 976 978 1067 προνεύειν,
1003 979 1170 1065 προσέταξε
1185 983 1388 1062 γυμνωθῆναι

273 1082 329 1165 μὲν
351 1079 405 1146 τδν
431 1079 617 1149 διδάσκαλον
643 1086 694 1149 καλ
718 1087 870 1168 δεσμήσαι
894 1083 951 1161 τὰς
967 1092 1074 1171 χεῖρας
1096 1078 1227 1148 ὄπισθεν
1234 1129 1245 1161 ,
1271 1091 1336 1159 τοῖς
1352 1082 1388 1148 δὲ

273 1186 361 1251 παισὶ
384 1182 521 1273 ῥάβδους
546 1189 654 1253 δοῦναι
676 1189 728 1255 καὶ
750 1184 921 1273 μάστιγας,
951 1188 1004 1252 ἵνα
1019 1183 1148 1263 ταύταις
1163 1184 1218 1252 τδν
1233 1182 1387 1272 προδότην

273 1286 421 1371 δήσαντες
437 1292 488 1355 καὶ
506 1285 665 1367 τύπτοντες
682 1294 724 1368 εἲς
740 1292 795 1375 τήν
811 1289 901 1357 πόλιν
916 1288 1074 1357 ἔλαύνωσι.
1127 1295 1189 1355 τῶν
1206 1290 1240 1354 δὲ
1255 1294 1388 1355 πολιτῶν

274 1390 346 1477 δι’ρτι
369 1389 501 1477 γνόντων
522 1394 578 1475 τήν
601 1396 768 1481 προδοσίαν
790 1392 906 1482 δρόμος
922 1387 959 1478 ήν
975 1397 1025 1461 ἐπὶ
1041 1394 1082 1460 τὰ
1097 1395 1181 1477 τείχη
1197 1395 1249 1458 καὶ
1266 1397 1386 1480 θρῆνος
1393 1397 1429 1451 1⁰

273 1494 395 1580 ἀνδρῶν
419 1520 451 1561 τε
470 1500 520 1562 καὶ
538 1506 699 1583 γυναικῶν.
750 1496 831 1565 οδτω
849 1500 883 1564 δὲ
901 1499 1096 1581 διακειμίνων
1113 1496 1214 1563 αὐτῶν
1230 1504 1385 1583 προσῆγον·

273 1597 304 1665 οἳ
322 1600 427 1677 παῖδες
442 1601 557 1685 γυμνὸν
573 1602 627 1667 τδν
644 1599 843 1667 διδάσκαλον.
894 1598 968 1688 ὅπερ
986 1599 1102 1679 ίδόντες
1117 1602 1148 1667 oi
1166 1603 1316 1665 Φαλίσκοι
1333 1606 1385 1665 καὶ

234 1713 259 1772 b
275 1699 430 1786 μαθόντες
446 1702 530 1781 ὅπως
545 1705 670 1789 ἐγίνετο,
696 1706 841 1792 φύροντες
856 1702 984 1782 ἑαυτούς
999 1706 1158 1771 ἐθελονταὶ
1175 1710 1219 1792 τῷ
1234 1706 1386 1795 Καμίλλῳ

272 1805 448 1892 παρίδοσαν
456 1854 466 1886 ,
492 1808 546 1889 τὴν
568 1799 663 1891 ήτταν
679 1810 837 1895 ύγαπῆσαι
854 1810 914 1898 πρδ
930 1816 986 1894 τῆς
1002 1811 1178 1897 ἐλευθερίας
1195 1808 1246 1874 διδ
1264 1807 1320 1891 τήν
1337 1810 1387 1873 δι-

274 1906 439 1995 καιοσύνην
456 1910 551 1977 αὐτοῦ
566 1913 710 1997 λέγοντες.
1128 1985 1137 1995 .
1392 1921 1426 1975 lu

376 2010 535 2101 Χρήματα
560 2008 614 2083 οὖν
638 2015 744 2101 λοβῶν
767 2019 820 2085 καὶ
836 2012 1037 2100 σπεισάμενος
1053 2012 1253 2104 δνεχολρησεν.
1306 2014 1337 2079 oi
1353 2015 1387 2079 δὲ

272 2123 475 2203 στρατιῶται,
501 2118 682 2205 διαρπάσειν
698 2117 965 2207 προσδοκήσαντες
978 2119 1050 2197 τοδς
1069 2121 1250 2207 Φαλερίους,
1274 2113 1318 2195 ῶς
1333 2144 1386 2199 μι-

272 2218 411 2305 σοδήμου
428 2220 616 2310 κατηγόρουν
635 2224 741 2305 αὐτοῦ.
774 2228 948 2311 φθονηθεὶς
965 2224 997 2290 δ’
1016 2227 1064 2289 ἐπὶ
1081 2224 1172 2289 πλίον
1185 2219 1386 2307 κατηγορήθη

136 2328 257 2389 witta
274 2320 317 2401 ῶς
339 2326 434 2409 μηδὲν
458 2327 493 2392 sd
518 2325 668 2411 δημόσιον
684 2329 718 2393 ἐκ
734 2334 797 2395 τῶν
815 2334 1014 2416 Τυρρηνικῶν
1030 2324 1194 2416 ὠφελήσας
1206 2321 1386 2413 χρημάτων,

271 2428 366 2505 αύτδς
391 2429 425 2495 δ’
450 2431 483 2497 ἔκ
506 2428 622 2497 τούτων
645 2427 912 2519 σφετερισάμενος.
969 2429 1051 2502 ούτω
1075 2433 1110 2497 δὲ
1131 2431 1292 2517 ὠργίζοντο
1308 2426 1428 2497 κατ’λθ

271 2530 368 2599 αὐτοῦ
376 2581 387 2612 ,
416 2528 458 2611 ῶς
480 2533 559 2618 μηδ’
580 2532 679 2601 οἶκτον
696 2535 794 2601 αὐτοῦ
809 2560 877 2601 τινα
894 2542 998 2616 λαβεῖν
1016 2536 1064 2601 ἐπὶ
1081 2540 1121 2622 τῇ
1136 2531 1283 2619 συμβύση
1301 2531 1387 2620 αὐτῷ

270 2642 419 2728 συμφορᾷ
424 2656 434 2675 ·
443 2638 571 2721 τέθνηκε
580 2638 640 2727 γὰρ
650 2638 747 2705 αὐτοῦ
753 2635 912 2724 νοσήσαςδ
923 2641 1023 2727 ίτερος
1032 2645 1093 2705 τῶν
1100 2638 1185 2705 vicia.
1198 2634 1342 2720 δεόμενος
1352 2636 1386 2701 δὲ

341 2797 359 2852 6
375 2799 542 2864 θαρροῦντα
558 2816 601 2854 om
616 2800 650 2855 A.
738 2800 879 2889 γυγννῶσαι
895 2800 929 2860 λ.
1015 2799 1034 2856 9
1050 2794 1186 2869 δήσαντες
1202 2796 1251 2853 καλ
1270 2816 1312 2852 om
1327 2799 1386 2853 AB.

340 2867 375 2921 13
392 2860 521 2935 ἐγένοντο
539 2868 571 2926 Α.
708 2869 742 2925 16
759 2866 941 2941 ανεγῶρησαν
956 2868 988 2923 Α.
1125 2870 1161 2925 17
1177 2863 1333 2933 διαρπάσαι
1350 2867 1385 2921 Δ.

342 2938 378 2993 19
397 2939 594 3009 Τυρρηνικῶν]
611 2940 782 3009 τυραννικῶν
800 2940 832 2993 Α.
935 2935 970 2992 22
987 2933 1119 3004 δεόμενος
1133 2933 1184 3007 di]
1202 2938 1252 2991 huo
1265 2939 1385 2991 releren-

341 3008 401 3133 ἐστιν
419 3018 464 3133 1pat
479 3010 573 3131 Diopis
591 3018 744 3083 excerptum
762 3009 923 3063 Vaticanum
933 3010 978 3063 25.
997 3008 1044 3063 aed
1061 3011 1144 3063 rerba
1159 3015 1224 3062 suut
1240 3006 1386 3073 Plutarchi,

366 3080 418 3131 ami
439 3116 447 3133 .
467 3096 491 3131 c.
509 3083 523 3135 l
544 3118 552 3133 .

271 3214 389 3286 quotidie
400 3230 497 3286 pueros
508 3232 592 3287 prope
602 3218 705 3271 moenia
715 3216 854 3283 educebat,
869 3217 1040 3271 brevioribus
1052 3214 1127 3270 initio
1139 3213 1242 3286 spatiis,
1260 3214 1387 3286 peractis-

271 3300 323 3355 que
340 3285 573 3340 exercitationibus
591 3286 679 3339 statim
693 3286 854 3340 reducebam
872 3287 985 3358 denique
1002 3303 1091 3340 omnes
1107 3286 1136 3338 iu
1154 3285 1385 3339 excubiaaRoma·

270 3370 362 3409 norum
381 3356 515 3409 coniectos
533 3356 567 3409 ad
581 3346 719 3409 Camillum
736 3355 798 3409 duci
814 3356 902 3424 iussit,
918 3358 997 3441 cique
1014 3357 1092 3424 dixit,
1112 3373 1160 3425 per
1177 3373 1222 3409 eos
1240 3370 1338 3425 pueros
1356 3372 1386 3405 se

270 3430 353 3479 totam
375 3424 415 3479 illi
437 3426 528 3478 urbem
551 3425 668 3479 madere.
711 3426 837 3479 Camillus
860 3426 888 3479 id
912 3428 1015 3481 incanus
1039 3425 1207 3494 detestatus,
1231 3422 1384 3495 imperatori

270 3501 366 3564 suapte
382 3494 494 3561 virtute,
512 3510 565 3547 non
583 3494 669 3545 aliena
685 3494 854 3565 improbitate
871 3497 940 3549 ireto
958 3496 1027 3550 bella
1043 3495 1162 3565 gerenda
1178 3511 1237 3548 esse
1253 3494 1337 3555 dixit;
1352 3508 1384 3545 ac

270 3564 423 3633 magistrum
447 3565 572 3617 nudatum
596 3562 715 3617 manibus
738 3574 800 3634 post
820 3575 921 3635 tergum
944 3564 1051 3635 illigatis
1068 3563 1245 3617 reducendum
1263 3564 1385 3617 Falerios

269 3634 362 3705 pueris
386 3633 514 3698 tradidit,
540 3632 621 3700 virgis
645 3639 673 3685 et
691 3632 802 3703 flagellis
825 3635 908 3703 datis,
931 3643 963 3687 ut
988 3633 1150 3706 proditorem
1173 3633 1331 3687 verberibus
1355 3632 1384 3683 iu

270 3708 362 3757 urbam
386 3710 507 3771 agerent.
548 3702 698 3772 proditione
720 3706 841 3773 cognita,
864 3720 1046 3774 concursuque
1068 3704 1187 3757 virorum
1205 3711 1234 3756 et
1250 3702 1384 3756 mulierum

269 3772 467 3827 lamentantium
493 3770 522 3824 in
549 3771 650 3825 moenia
667 3773 754 3841 iacto,
772 3774 849 3844 pueri
866 3774 1019 3844 magistrum
1035 3773 1134 3826 nudum
1150 3772 1295 3825 adducunt.
1329 3786 1383 3841 quo

269 3841 423 3911 spectaculo
442 3840 558 3911 promoti
575 3842 674 3895 Falisci
693 3861 722 3896 re
739 3844 848 3913 cognita
864 3844 932 3896 ultro
950 3842 1110 3896 deditionem
1126 3842 1235 3895 Camillo
1252 3842 1386 3908 iecerunt,

269 3926 299 3963 aa
316 3908 387 3963 illius
405 3916 458 3963 tam
475 3910 571 3964 iustum
589 3912 723 3983 imperium
742 3930 806 3967 suae
824 3913 945 3967 libertati
960 3930 1124 3997 praeponere
1140 3910 1265 3982 professi.

374 3978 441 4033 Cum
459 3988 569 4053 accepte
585 3984 699 4052 pecunie
716 3984 778 4037 data
798 4000 832 4037 ue
868 4000 914 4035 ace
936 3989 1105 4050 recessisset,
1129 3982 1222 4035 milites
1238 3978 1386 4051 direptione

268 4046 433 4102 Faleriorum
452 4052 574 4105 frustrati
592 4052 700 4106 Camillo
717 4054 807 4124 popu'
827 4002 913 4107 odium
931 4053 1095 4107 obiecerunt.
1130 4059 1262 4121 auctaque
1283 4048 1389 4103 invidia

266 4119 471 4188 repetundarum
488 4130 625 4175 accmatus
644 4130 694 4191 est,
711 4132 742 4175 ut
758 4122 803 4205 qui
815 4120 983 4189 Tyrrhenam
1003 4122 1127 4194 praedam
1144 4121 1320 4189 surripuisset
1336 4133 1388 4171 uec
1447 4188 1451 4193 ι

267 4186 297 4241 ia
314 4188 444 4242 earnium
462 4190 525 4244 inde
543 4192 683 4263 quicquam
700 4192 843 4248 intuhssct.
880 4208 912 4243 ac
928 4197 1005 4247 tanta
1018 4193 1147 4247 adversus
1165 4207 1222 4243 eum
1239 4192 1292 4243 fuit
1303 4188 1388 4241 homi·

266 4272 328 4311 num
344 4258 493 4327 iracundia,
510 4266 540 4315 ut
556 4278 591 4315 ne
607 4262 708 4332 privati
725 4261 832 4333 quidem
846 4260 933 4315 luetus
950 4262 1078 4316 rationem
1090 4263 1229 4327 haberent,
1247 4260 1330 4312 altero
1347 4274 1387 4310 ex

267 4324 326 4383 eius
343 4327 405 4385 filiis
422 4330 514 4387 morbo
531 4330 674 4403 exstincto.
710 4347 821 4402 eumque
839 4330 937 4388 amicos
954 4339 1074 4404 rogasset
1089 4338 1120 4387 ut
1136 4329 1190 4385 sibi
1200 4346 1251 4401 per
1260 4325 1388 4389 iniuriam
