3134 4909
571 310 787 379 sunamiti
809 312 847 381 X
869 312 924 384 26.
1170 322 1174 327 ’
1212 311 1287 388 887

178 484 348 566 πολιορκῶν
366 480 400 545 δὲ
415 478 454 545 τά
470 486 526 545 τοῦ
541 479 661 567 Μήδου
677 484 819 567 βασίλεια
835 485 1035 567 ἐπολιορκεῒτο
1052 488 1171 569 μάλλον
1195 487 1326 567 αάτδςΡ
1342 500 1359 557 1
1373 504 1428 561 tw
1462 538 1467 545 ·

178 581 377 649 ἐπιλιπόντων
398 588 439 669 τῇ
459 582 554 651 αάτοῦ
577 595 707 679 στρατιηῖ
726 594 789 654 τῶν
805 589 990 671 ἐπιτηδείων,
1014 590 1065 653 καλ
1083 588 1131 653 snt
1147 614 1287 676 συναγω-

177 686 235 772 μὴν
260 685 362 751 αάτῶν
383 683 524 765 ἐξιόντων
547 687 672 778 σφόδρα
695 691 781 778 παρά
804 698 866 757 τῶν
885 689 1056 780 βαρβάρων
1081 692 1286 776 κακουμίνων,

177 785 394 877 ἐνεδρευόντων
410 788 525 867 αάτοῖς.

151 908 169 961 b
278 893 328 955 Ἐν
343 888 462 969 τοότοις
479 892 566 970 ὄντος
581 900 638 961 τοῦ
647 892 808 959 Ἀντωνίου
826 891 843 959 ὅ
860 890 1009 980 Φραάτης
1024 891 1189 975 ἀποβολῶν
1204 920 1289 974 ταας

177 993 276 1061 ἐπεισε
293 992 336 1059 δι’
356 996 474 1062 ἐκείνων
491 997 584 1063 αιίτάν
597 995 898 1082 ἐπικηρυκεύσασθαι
911 993 1095 1079 συμβάσεων
1108 998 1219 1064 ἕνεκεν·
1235 1002 1288 1065 καλ

179 1094 196 1163 ὅ
212 1094 349 1183 Πάρθος
364 1098 437 1176 τοδς
452 1100 651 1188 πεμφδίντας
667 1102 850 1177 ἐξονειδίσας
865 1100 965 1165 πολλά
980 1099 1025 1183 μὴ
1043 1098 1145 1176 άλλως
1161 1101 1290 1166 σπείσαι-

178 1206 257 1265 otius
275 1196 354 1267 εἶπεν
371 1204 397 1267 εί
412 1200 456 1284 μὴ
475 1202 583 1267 αὐτίκα
600 1200 982 1289 ἀποστρατοπεδεόσονται.
1033 1204 1085 1267 καλ
1101 1199 1291 1280 ὅἍντάνιος

179 1301 345 1386 ἀπανέστη.
393 1304 637 1388 προσδεχομίνου
663 1304 695 1369 δ’
722 1305 819 1371 univoci
834 1303 1043 1383 τάςσπονδάς
1060 1304 1090 1369 oi
1105 1307 1217 1387 Μῆδοι
1234 1303 1291 1382 τάς

136 1418 172 1471 10
180 1431 212 1471 τε
229 1406 463 1490 πολιορκητικάς
479 1408 668 1473 κατέκαυοαν
685 1407 826 1491 μηχανάς
848 1410 899 1471 καλ
924 1408 964 1473 soi
983 1403 1115 1489 χώματα
1133 1408 1291 1475 διεσκίδα·

179 1534 248 1575 σαν.
300 1507 329 1573 οἳ
355 1508 390 1573 δέ
410 1534 444 1593 με
459 1508 593 1595 Πάρθοι
616 1510 716 1574 πολλὰ
732 1513 782 1574 καὶ
801 1510 886 1576 δεινδ
902 1510 1055 1596 αἰφνίδιον
1071 1508 1292 1593 προσπεσόντες

179 1607 370 1697 εἰργάσαντο.
422 1608 464 1688 άις
481 1602 536 1677 οὖν
552 1610 629 1696 ἐγνω
646 1610 693 1676 ὅτι
710 1610 880 1696 ἧπάτηται,
906 1613 938 1689 ἐς
953 1612 1009 1694 τὴν
1021 1612 1180 1695 Ἀρμενίαν
1197 1611 1293 1677 ἀπελ-

178 1718 248 1779 θεῖν
279 1714 459 1799 ἐπεχείρησε.
511 1717 561 1779 καλ
592 1713 644 1778 διά
672 1715 797 1800 χωρίων
826 1713 925 1779 ἀσκῶν
954 1711 1132 1798 ἀγνώστων,
1161 1720 1330 1791 πολλαῖςΙλ

180 1818 368 1899 δυσχερείαις
385 1816 512 1898 ἐνέτυχε.
557 1819 608 1880 καὶ
624 1814 682 1881 κάν
698 1815 856 1883 ἀπώλοντο
873 1817 902 1882 ολ
918 1816 988 1898 μετ’
1007 1815 1104 1881 αάτοά
1120 1813 1293 1900 ξύμπαντες

139 1927 173 1982 15
183 1919 225 1996 είς
242 1919 365 2003 ἐνίδραν
381 1915 560 2002 ἐμπεσόντες
584 1920 636 1983 καλ
661 1930 784 1997 πυκνοῖς
806 1917 989 2001 βαλλόμενοι
1013 1930 1078 1996 τοῖς
1100 1916 1292 2003 τοξεύμασιν,

182 2024 209 2086 εἰ
223 2019 268 2103 μὴ
285 2020 341 2103 τὴν
354 2017 491 2105 χελώνην
508 2022 652 2105 ἐποίησαν
668 2023 916 2100 συνασπίσαντες.

279 2120 328 2187 Ἡ
348 2125 389 2189 δέ·
404 2122 522 2208 χελῶνη
545 2126 656 2209 γίνεται
683 2124 792 2203 οὕτως.
841 2124 881 2192 τά
906 2123 961 2206 μέν
985 2120 1161 2210 σκευοφόρα
1186 2124 1237 2187 καλ
1263 2121 1294 2187 oi

180 2227 269 2308 ψιλολ
293 2228 324 2291 ἐν
346 2226 431 2315 μέσῳ
454 2235 510 2293 τοῦ
531 2224 759 2311 στρατεάματος
781 2228 940 2305 τέτακται,
965 2232 1026 2292 τῶν
1052 2226 1084 2290 δ’
1109 2223 1241 2290 ὁπλιτῶν
1264 2224 1293 2289 oi
1306 2237 1447 2294 Wsslbi

181 2329 237 2410 μὲν
253 2339 320 2403 ταῖς
336 2326 522 2415 προμήκεοιν
538 2331 644 2397 ἀσπίσι
660 2340 728 2406 ταῖς
745 2333 862 2406 κοίλαις
875 2326 1029 2413 χράμενοι
1045 2329 1113 2409 περὶ
1127 2326 1167 2390 τά
1179 2324 1296 2407 ἐσχατα

140 2426 348 2494 ποτάσσονται
371 2434 423 2493 καλ
435 2430 518 2506 ,τούς
540 2430 653 2504 ἀλλους
669 2430 709 2494 τδ
726 2430 807 2494 ὅπλα
823 2428 1072 2512 περιβεβλημένοι
1089 2425 1149 2503 ἔξω
1167 2450 1199 2493 τε
1221 2428 1296 2509 βλί-

184 2555 290 2605 ποντες
307 2530 505 2614 περιέχουσιν,
532 2532 561 2595 ολ
585 2532 620 2595 δέ
642 2530 699 2607 τάς
722 2532 867 2607 πλατείας
888 2529 1020 2605 ἀσπίδας
1042 2529 1186 2615 φίροντες
1202 2530 1235 2594 ἐν
1252 2533 1297 2618 τῷ

181 2632 269 2721 μίσῳ
293 2640 534 2719 συσπειρῶνται,
565 2633 704 2711 κάκείνας
728 2632 794 2698 ἀνω
819 2625 937 2699 ἑαυτῶν
959 2657 992 2697 τε
1016 2632 1067 2695 καλ
1093 2638 1154 2697 τῶν
1181 2638 1295 2697 λοιπῶν
1320 2696 1325 2707 ,

181 2732 408 2821 ὑπεραίρουσιν,
434 2735 512 2802 ῶστε
533 2737 631 2820 μηδέν
653 2736 754 2822 ἕτερον
775 2736 797 2817 ἢ
820 2736 954 2811 ἀσπίδας
969 2730 1105 2820 ὅράσδαι
1122 2733 1174 2799 διά
1191 2732 1334 2819 πάσηςο

250 2939 712 3013 δάτοστρατοτιιδεάσονταίΒῦ,
730 2940 1016 3011 στρατοπεδεύωνται
1032 2947 1066 3010 Α,
1084 2940 1295 3011 ἀποστρατοπε-

252 3009 407 3067 δεόσαντοιι
422 3015 492 3067 PW.
561 3009 631 3069 9δέ
649 3014 682 3084 Β,
701 3032 742 3067 oua
760 3016 793 3068 (λ
864 3016 898 3068 15
913 3015 1043 3081 πυκνοῖς]
1060 3016 1175 3075 πολλοῖς
1192 3016 1225 3067 0.

183 3198 289 3251 muitum
307 3196 346 3253 eis
362 3200 463 3255 nocuit.
498 3200 612 3269 dunque
629 3200 726 3270 regiau
744 3201 884 3255 Medorum
901 3198 1022 3264 obsidet,
1045 3198 1128 3267 ungis
1144 3198 1205 3267 ipse
1222 3199 1295 3253 obsi·

183 3268 277 3333 detur,
295 3268 414 3320 exercitu
429 3269 542 3337 penurie
558 3280 714 3322 commeatus
733 3270 884 3324 laborantes
907 3283 984 3335 quens
1003 3282 1061 3319 cuns
1078 3283 1112 3318 ex
1129 3267 1203 3335 agris
1220 3272 1295 3335 pete-

184 3342 236 3403 ret,
254 3353 271 3388 a
288 3334 393 3389 Parthis
411 3354 444 3389 ax
460 3336 566 3389 insidiis
583 3339 778 3407 erumpentibus
796 3338 864 3390 nale
882 3334 1070 3405 accipiebatur.

288 3404 347 3457 Hoc
365 3406 473 3458 Antonii
496 3412 568 3459 stetu
585 3407 697 3459 Partbus
722 3425 769 3477 per
794 3407 953 3459 subornatos
977 3404 1104 3472 quosdam
1121 3401 1148 3453 ei
1162 3402 1298 3469 persaesit

184 3479 216 3525 ut
231 3486 322 3542 pacem
339 3481 461 3543 peteret3
487 3492 519 3527 ac
541 3476 638 3543 legatis
658 3484 720 3546 post
746 3474 826 3527 mults
851 3472 995 3545 opprobrie
1019 3469 1170 3541 respoudit,
1196 3486 1228 3521 se
1244 3469 1298 3522 aiis

184 3541 342 3595 condicione
359 3560 449 3612 psceru
466 3561 517 3597 nou
536 3544 681 3611 iacturum,
704 3544 755 3597 nisi
779 3542 869 3596 statira
892 3550 981 3594 cam
1000 3546 1145 3591 noverant.
1180 3538 1297 3591 Antonio

184 3610 305 3679 digresso
327 3616 356 3662 et
378 3612 452 3679 pacis
477 3613 647 3665 condiciones
664 3619 849 3681 exspectante,
875 3608 1080 3663 obsidionalibus
1096 3607 1222 3660 machinis
1239 3625 1298 3660 cre-

184 3680 262 3732 matis
280 3686 308 3731 et
325 3680 466 3749 aggeribus
483 3682 602 3748 disiectis
619 3699 635 3734 s
653 3681 756 3744 Medis,
775 3679 866 3733 Parthi
883 3676 1022 3746 repentina
1037 3675 1207 3747 impressione
1224 3676 1298 3729 iscis

183 3748 314 3801 Romanos
340 3748 460 3815 graviter
483 3752 645 3805 afflixerunt.
680 3748 807 3801 Antonius
825 3748 908 3817 igitur
923 3764 954 3798 se
971 3746 1112 3816 deceptum
1129 3761 1189 3799 esse
1204 3744 1298 3798 videm

183 3818 212 3870 iu
228 3816 376 3870 Amanium
394 3816 469 3870 ubire
485 3820 596 3880 statuit3
615 3828 643 3872 et
659 3835 708 3888 per
724 3818 783 3870 ioca
799 3818 890 3887 ignote
906 3815 959 3869 iter
976 3815 1077 3869 inciens
1096 3814 1123 3866 iu
1140 3821 1228 3867 tsutss
1246 3814 1299 3867 tis-

185 3886 319 3939 fioultatcs
336 3884 438 3951 incidit,
455 3894 485 3939 ut
501 3888 634 3941 exercitus
652 3889 708 3941 eius
726 3887 903 3939 internecione
919 3885 1020 3938 deletus
1037 3892 1124 3951 esset,
1140 3882 1168 3935 in
1184 3881 1297 3935 iusidias

184 3954 377 4025 praecipitatus
394 3955 441 4007 ubi
457 3957 557 4010 crebris
575 3956 679 4026 sagittis
698 3956 874 4023 obruebatur,
898 3954 951 4007 uisi
972 3952 1123 4021 conglobati
1139 3952 1297 4005 “modim

183 4024 319 4076 iecissent.

288 4090 410 4145 Testudo
427 4094 512 4144 sotem
528 4092 562 4144 iit
578 4092 627 4144 boc
644 4094 730 4147 modo.
765 4090 951 4161 iupedimenta
973 4094 1001 4142 st
1023 4088 1117 4141 velites
1138 4087 1168 4140 in
1186 4082 1297 4139 mediare

187 4174 279 4227 sgnen
296 4176 352 4214 cons
372 4160 497 4212 eiiuntur.
533 4160 644 4227 ornati,
663 4164 709 4231 qui
727 4160 854 4230 obiougos
871 4168 899 4212 et
916 4175 997 4211 cavos
1015 4159 1114 4227 clipeos
1131 4160 1244 4237 gerupt‚
1268 4154 1296 4207 ic

187 4234 304 4281 extrema
322 4247 379 4282 acre
396 4228 518 4281 collocati
536 4236 564 4281 et
581 4228 652 4281 inosti
668 4231 776 4285 obversi
794 4229 874 4283 ειπιίι
892 4234 1014 4281 caetum
1030 4231 1134 4294 tegunt·
1168 4240 1215 4291 qus
1230 4238 1297 4276 vere

183 4295 249 4348 istis
266 4297 359 4367 clipeis
377 4305 504 4363 utuntur,
529 4296 556 4349 in
581 4298 666 4350 medio
685 4298 844 4369 conglobsti
861 4314 907 4351 eos
923 4312 1007 4364 auprs
1019 4293 1176 4361 metipsos
1190 4298 1222 4347 et
1237 4309 1298 4345 ose·
