3134 4909
248 265 326 336 aot
575 263 763 341 uolutus
788 212 985 329 soniam

206 442 382 523 ΒΚαῖσαρ.
435 438 484 499 καλ
510 433 701 521 ὃΛύρίολος
722 436 760 499 τὰ
783 434 863 500 ὅπλα
882 435 1089 516 καταθίμενος
1107 432 1190 521 αύτῷ
1206 431 1356 518 ὑπετάγη·

245 543 280 621 bg
293 534 387 617 αὖθις
400 546 584 624 τυραννῆσαι
599 541 766 623 ἐπιχειρῶν,
781 535 840 603 sind
855 544 1048 623 στρατιωτῶν
1062 535 1229 623 διεφθάρη.
1251 537 1357 600 Κλαύ-

248 650 315 721 διος
339 645 372 707 δὲ
392 642 528 727 χρηστὸς
550 640 705 725 τυγχάνων
722 641 799 725 ἀνὴρ
816 645 865 704 καλ
885 639 1061 726 δικαιοσύνῃ
1078 647 1218 721 mollaio,
1241 639 1357 723 άπηγύ·
1399 680 1405 698 .

248 740 334 835 ρευσε
360 753 436 809 πᾶσι
459 748 555 827 ζητεῖν
579 748 612 809 ἐκ
634 744 784 824 βασιλίως
808 742 954 829 ἀλλότρια
973 743 1147 830 πράγματα.
1199 740 1356 823 νενόμιστο

247 852 305 936 γάρ
329 849 400 923 τούς
422 854 559 928 βασιλεῖς
583 846 736 912 δύνασθαι
763 851 932 932 δωρεῖσθαι
956 837 1008 910 καί
1030 848 1068 911 τά
1093 842 1255 930 ἀλλότρια·
1282 844 1383 910 ὅθενό

247 957 296 1018 καλ
324 952 352 1017 ολ
377 950 419 1015 ε’τι
443 954 571 1032 κείμενοι
595 949 682 1031 νύμοι
709 951 793 1033 παρὰ
812 956 849 1037 τῆ
867 950 1000 1039 πολιτείᾳ
1017 948 1160 1031 ίσχῆκασι
1178 950 1233 1031 τὴν
1250 946 1357 1032 ἀρχήν.

247 1060 424 1141 προσῆλθεν
450 1046 601 1136 ούνγυνῆ
627 1078 687 1129 τις,
727 1043 763 1133 ῆς
787 1053 900 1135 χωρίον
924 1052 1017 1127 αὐτὸς
1039 1052 1097 1137 π’ρδ
1122 1060 1176 1135 τῆς
1201 1054 1358 1131 βασιλείας

248 1156 365 1243 εἷλῆφει
393 1158 425 1219 dx
451 1161 611 1237 βασιλικῆς
638 1158 769 1238 δωρεᾶς,
805 1156 936 1237 λέγουσα
956 1153 1137 1229 “litatum
1158 1151 1179 1241 Ιδ
1203 1156 1358 1237 ἵππαρχος

97 1278 232 1335 wl1239
250 1260 375 1345 ῆδίκησέ
397 1259 469 1339 με.”
523 1254 540 1321 ὅ
569 1260 604 1322 δι’
628 1255 724 1341 ι’ὅπερ
752 1254 768 1321 d
796 1255 953 1333 Κλαύδιος
976 1256 1098 1341 ἰδιώτης
1123 1255 1165 1320 ab
1189 1256 1354 1344 δηείλετο”

249 1362 327 1430 εἶπεν
346 1358 460 1443 ιιῆνίκα
485 1359 529 1442 μή
555 1387 583 1425 τι
609 1360 692 1448 αὐτῷ
716 1367 775 1424 τῶν
800 1356 900 1441 νόμων
924 1360 1026 1443 ἔμελε,
1061 1367 1150 1425 τοῦτο
1172 1358 1358 1441 βασιλεύσας
1369 1366 1403 1417 10

248 1463 525 1546 ἀποκαθι’στησιν.”
872 1508 879 1517 ,

210 1586 234 1639 c
350 1569 401 1631 Ἔν
422 1563 525 1651 Ῥώμῃ
551 1565 586 1629 δί
609 1590 641 1649 γε
668 1560 688 1647 ῆ
712 1564 878 1648 σύγκλητος
894 1570 1044 1646 μαθοῦσα
1062 1565 1117 1645 τῆν
1135 1571 1189 1628 τοῦ
1207 1566 1236 1624 Γ
1233 1561 1359 1646 αλιῆνου
1451 1619 1456 1625 .

249 1672 412 1758 ἀναίρεσιν,
438 1670 490 1733 τὸν
516 1668 650 1753 άδεληδν
674 1670 786 1731 ἐκείνου
815 1671 863 1731 καὶ
891 1668 1024 1733 τδνυλὸν
1042 1664 1252 1733 ἐθανάτωσαν.
1303 1674 1360 1731 τοῦ

248 1775 351 1858 μίντοι
378 1768 566 1854 Ποστούμου
596 1777 815 1855 τυραννοῦντος
844 1770 903 1848 ἔτι,
945 1773 994 1834 καὶ
1023 1768 1192 1855 βαρβάρων
1224 1770 1275 1833 διὰ
1304 1777 1360 1852 τῆς

249 1873 432 1952 Μαιώτιδος
449 1874 621 1956 διαβάντων
637 1876 744 1955 λίμνης
760 1876 803 1949 είς
820 1872 922 1937 Ἀσίαν
940 1900 970 1937 τε
989 1876 1037 1937 καὶ
1056 1871 1207 1957 Εύρεύπην
1223 1874 1273 1936 καὶ
1292 1878 1402 1955 tat-15

251 1981 381 2061 ζομίνεον
398 1976 508 2054 αύτάς,
525 1983 641 2059 βουλῆς
657 2003 687 2041 τε
707 1978 906 2059 προτεθείσης
923 1979 979 2040 τίνι
996 1974 1142 2061 πρότερον
1160 1977 1360 2059 ε’πιχειρητίον
1400 1980 1404 1989 ’

251 2084 390 2169 πολᾼιῳ,
416 2078 433 2145 ὃ
453 2078 609 2153 Κλαύδιος
626 2078 684 2164 ἔφη
702 2075 744 2153 ὡς
760 2075 800 2141 “ὃ
818 2080 895 2163 πρὸς
912 2080 964 2144 τὸν
981 2079 1127 2163 τύραννον
1145 2077 1276 2160 πόλεμος
1292 2080 1359 2159 Isioi
1406 2132 1408 2137 ,

162 2260 169 2267 ,
204 2183 207 2192 “
253 2187 407 2272 διαηιίρει,
433 2180 502 2248 ὁδί
519 2183 596 2268 πρὸς
613 2181 683 2257 τοὺς
698 2177 880 2266 βαρβάρους
897 2188 934 2267 τῇ
952 2184 1102 2272 πολιτείη,
1130 2184 1179 2245 καί
1200 2182 1262 2268 χρὴ
1283 2206 1359 2267 προ-

252 2294 422 2371 τιμηθῆναι
437 2286 491 2351 τδν
509 2293 563 2368 τῆς
580 2284 764 2359 πολιτείας.”

357 2391 397 2455 Oi
412 2388 569 2475 βάρβαροι
587 2390 620 2452 δὲ
636 2387 751 2463 πολλὰς
765 2387 822 2468 μὲν
839 2386 1030 2469 κατίδραμον
1043 2384 1164 2470 χώρας,
1190 2386 1247 2468 τῆν
1270 2386 1304 2449 δέ
1325 2410 1357 2469 γε
1368 2402 1404 2453 20

252 2493 478 2572 Θεσσαλονίκην
492 2489 702 2575 ίπολιύρκουν·
720 2491 740 2572 ἣ
758 2488 852 2552 πάλαι
871 2490 926 2571 μὲν
939 2488 1082 2571 Ἠμαθιά
1101 2493 1262 2552 καλεῖσθαι
1280 2488 1360 2571 λε’γε-

251 2621 318 2673 ται,
338 2594 546 2679 Θεσσαλονίκη
565 2593 598 2654 δὲ
612 2598 882 2674 μετονομασθῆναι
900 2593 932 2653 iu
949 2599 1003 2674 τῆς
1018 2594 1169 2655 Φιλίππου
1187 2594 1243 2673 μὲν
1258 2598 1360 2675 θυγα-

145 2774 149 2781 Ι
212 2698 327 2785 υτρδς
350 2693 538 2779 Κασάνδρου
564 2694 598 2757 δέ
620 2692 760 2776 γυναικὸς
787 2683 1019 2805 Θεσσαλονίκης
1071 2695 1142 2759 ἀλλ’
1172 2696 1282 2775 ἐκείνης
1305 2694 1360 2775 μὲν

321 2866 350 2924 2
355 2869 530 2935 στρατιωτῶν
547 2870 635 2937 ABG,
660 2870 714 2923 τῶν
731 2872 906 2935 στρατιωτῶν
924 2872 991 2926 l’W.
1130 2870 1148 2923 4
1166 2865 1307 2937 νενόμιστο
1326 2872 1357 2935 A,

321 2936 480 3005 κεκύρωται
497 2938 564 2998 PW,
656 2939 689 2992 16
706 2940 907 3026 annotabamus
922 2942 956 2995 B
1038 2939 1072 2996 18
1089 2934 1139 2994 τδν
1156 2940 1205 3007 τῆς
1221 2940 1360 3002 πολιτείας

322 3008 534 3077 προτιμηθῆναι
550 3008 583 3063 A
685 3007 719 3061 21
739 3004 852 3077 ἀμαθία
869 3008 949 3065 ΑΒΘ.
1092 3028 1098 3033 ·

254 3163 381 3216 Aureolus
399 3161 477 3245 armis
497 3163 590 3232 positis
607 3180 637 3214 se
653 3162 787 3214 submisit.
805 3162 852 3215 sed
870 3179 926 3214 cum
946 3162 1029 3221 denuo
1048 3178 1155 3245 regnum
1175 3161 1327 3226 affectaret,
1345 3176 1361 3212 a

253 3232 376 3285 militibus
393 3230 496 3282 occisus
514 3240 564 3285 est.
600 3223 745 3283 Claudius
752 3248 816 3284 varo
840 3248 897 3283 oum
925 3231 967 3283 vir
985 3234 1068 3283 bonus
1086 3231 1258 3298 iustitiaeque
1275 3200 1362 3282 secia·

252 3310 295 3353 tor
313 3308 399 3365 esset,
425 3300 566 3352 interdixit
589 3318 622 3352 ne
646 3301 704 3369 quis
726 3302 797 3351 boun
814 3300 900 3352 aliena
918 3302 951 3352 ab
956 3302 1127 3383 imperatore
1144 3305 1261 3368 peteret:
1288 3315 1361 3350 reae·

250 3379 325 3439 ptum
342 3369 368 3419 id
386 3369 453 3419 enim
471 3371 586 3420 moribus
603 3379 671 3431 erat,
692 3377 722 3420 ut
738 3369 908 3437 imperatores
926 3370 1005 3422 etium
1024 3370 1108 3421 aliena
1126 3370 1225 3421 donare
1240 3378 1361 3438 possenti

253 3439 322 3491 unde
341 3437 418 3489 etiam
436 3438 518 3505 leges,
535 3454 603 3505 quae
620 3408 729 3489 adliuc'
722 3455 747 3489 rn
765 3456 795 3488 re
812 3438 917 3506 publica
934 3436 1062 3503 obtinent,
1082 3438 1208 3505 originem
1220 3439 1360 3488 duxerunt

252 3510 344 3574 itaque
362 3507 453 3558 mulier
470 3508 604 3574 quaedam,
623 3508 698 3559 euius
715 3506 876 3575 praedium'
869 3524 926 3576 ipse
945 3519 1006 3559 ante
1022 3506 1156 3575 imperium
1175 3522 1209 3557 ex
1226 3506 1320 3557 dono
1313 3522 1361 3556 im-

252 3573 385 3645 peratoris
402 3584 558 3643 acceperat,
577 3576 704 3641 secessit,
732 3575 877 3627 aclaudio
880 3578 1020 3661 magistro
1027 3576 1151 3659 equitum
1171 3574 1292 3626 iniurium
1309 3573 1360 3624 sibi

253 3662 312 3697 esse
329 3643 428 3693 lautum
448 3660 620 3711 conquerens.
655 3653 710 3696 tum
727 3639 791 3696 ille
793 3638 896 3713 quod”
922 3646 1007 3712 inquit
1027 3638 1176 3695 “Claudius
1193 3645 1251 3694 dum
1288 3644 1361 3693 riva·

252 3722 297 3767 tus
314 3716 374 3763 erat
390 3727 440 3761 neo
457 3711 528 3778 leges
546 3716 654 3766 curabat
670 3714 794 3778 abstulit,
812 3714 861 3764 boc
878 3713 963 3765 faetus
982 3713 1128 3781 imperator
1144 3705 1288 3765 restituit.⁵
1369 3742 1377 3764 ι

355 3779 471 3832 Senatus
488 3780 635 3846 Romanus,
655 3782 767 3834 Gallieni
785 3784 866 3833 caede
882 3782 1003 3848 cognita,
1021 3782 1129 3832 fratrem
1147 3781 1217 3833 illius
1235 3790 1263 3832 et
1279 3780 1360 3831 lilium
1403 3782 1412 3793 '

253 3849 331 3902 etiam
356 3848 462 3900 oceidit.
497 3865 554 3900 oum
578 3858 665 3901 autem
690 3850 829 3903 Postumus
853 3850 939 3902 adbuc
965 3851 1132 3914 tyrannidem
1159 3850 1307 3914 obtineret,
1334 3854 1362 3899 et

252 3918 360 3972 barbari
372 3916 503 3968 Maeotide
521 3917 615 3987 palude
629 3936 678 3987 sup
679 3927 754 3970 erata
772 3920 859 3971 Asiam
873 3920 1055 3986 Europamque
1066 3925 1215 3984 vastarent,
1233 3936 1264 3969 ac
1277 3926 1361 3969 utrum

252 3986 349 4039 bellum
366 3984 440 4053 prius
463 3940 678 4039 conficiendump
677 3995 750 4040 esset
773 3988 979 4049 deliberaretur,
1006 3986 1132 4040 Claudius
1158 3959 1253 4040 dixit‘
1255 3980 1362 4038 bellurn
1433 4014 1436 4017 ·

252 4054 428 4106 Postumioum
446 4072 504 4106 mea
492 4054 649 4139 interest,
675 4057 837 4109 barbaricum
855 4025 1047 4125 reipublicae,
1066 4057 1140 4109 cuius
1158 4057 1184 4108 in
1204 4055 1296 4126 primis
1316 4054 1362 4106 lra-

253 4124 339 4177 bends
356 4132 398 4175 est
414 4116 507 4176 ratio?

357 4192 497 4245 Caeterum
520 4192 628 4245 barbari
654 4194 746 4245 multas
763 4175 914 4273 provincias
933 4193 1113 4260 incursantes,
1137 4192 1363 4257 Thessalonicam,

254 4274 323 4329 quaa
341 4276 398 4313 tum
414 4260 475 4314 olim
491 4262 615 4315 Emathia
630 4261 779 4330 diceretur,
805 4278 822 4314 a
840 4260 956 4333 Philippi
973 4262 1028 4315 lilia
1044 4262 1194 4315 Cassandro
1212 4268 1295 4330 nupta
1313 4230 1363 4312 bod
