3134 4909
564 279 778 345 annaeum
804 282 840 346 x
866 281 916 349 11.
1030 258 1065 369 [
1218 282 1293 351 333

284 448 443 514 Ἐντεῦθεν
466 448 544 533 πρὸς
559 448 696 531 Μάρκον
715 433 852 533 Βροῦτον
874 451 1031 534 τρέπονται
1057 451 1085 514 ni
1109 455 1234 531 πολλοί,
1261 455 1294 517 ἐκ

183 549 326 637 Βρούτου
353 558 408 616 τοῦ
430 549 524 615 πάλαι
547 556 697 617 δοκοῦντα
721 553 755 617 τὸ
782 555 866 636 γένος
892 555 1002 619 ἕλκειν·
1035 558 1086 618 καὶ
1105 555 1182 641 πρὸς
1198 553 1293 638 μόνον

183 654 293 719 ἐκεῖνον
310 653 331 736 ἢ
348 661 467 739 πρῶτον
484 655 514 719 ci
529 662 703 739 μεταβολῆς
719 656 869 742 ἐφιέμενοι
887 656 1107 737 ἀποβλέποντες
1131 659 1214 745 ἀὐτῷ
1235 660 1292 741 μὲν

181 759 236 823 oda
254 754 610 840 drddprmv'npannpuieiv,
628 756 745 842 νύκτωρ
763 760 798 823 δὲ
814 756 980 843 γράμματα
998 764 1064 844 περί
1083 760 1116 825 τὸ
1135 768 1222 843 βῆμα
1240 764 1295 825 καὶ·

154 860 235 927 ὀτὸν
260 863 370 944 δίφρον
397 862 555 943 ἐρρίπτουν
583 861 638 948 ἐφ’
667 852 705 925 οὗ
731 868 909 947 στρατηγῶν
936 862 1131 947 ἐχρημάτιζε,
1166 865 1290 948 λέγοντα

174 958 360 1039 “καθεάάεις
378 954 402 1028 ἀι
421 964 562 1048 Βροῦτε”
588 967 643 1028 καί
660 961 739 1029 “oda
757 961 785 1029 εί
801 958 972 1051 Βροῦτος.”
1027 968 1077 1031 καί
1098 965 1235 1042 Κάσσιος
1257 968 1291 1031 δέ

181 1065 355 1151 παρώξυνεν
372 1064 474 1131 αὐτόν.

285 1170 346 1231 Καί
370 1175 415 1253 τῷ
438 1170 574 1251 Καίσαρι
599 1168 632 1231 dd
654 1167 752 1231 πολλά
779 1168 895 1251 λέγεται
919 1178 1030 1251 σημεῖα
1055 1160 1204 1253 ’γενέσθαι
1235 1173 1291 1251 ἀη-

181 1275 293 1333 λοῦντα
310 1270 363 1335 τὸν
380 1270 523 1357 ὄλεθρον,
549 1260 591 1333 ὧν
605 1268 638 1333 (έν
655 1273 704 1333 καί
723 1277 812 1334 τοῦτο
832 1274 903 1336 ίοτί.
944 1270 1103 1354 παριαάων
1119 1280 1158 1359 τῇ
1174 1276 1292 1357 γυναικί

139 1386 173 1438 10
183 1374 289 1458 φωνάς
313 1373 442 1457 ἀσαφεῖς
458 1374 508 1436 καί
526 1372 712 1456 στεναγμοὺς
728 1370 907 1456 ἀνάρθρους
924 1376 1035 1456 ἐκείνην
1053 1375 1291 1457 ἀναπέμπουσαν
1309 1388 1330 1439 P
1347 1388 1361 1439 I
1377 1386 1429 1439 491

179 1474 313 1561 ᾔσθετο·
341 1473 437 1539 έιλόκει
462 1477 496 1540 ἀί
519 1476 632 1538 κλαίειν
649 1476 760 1537 ε’κείνον
776 1476 823 1537 dni
842 1486 908 1551 ταῖς
924 1476 1071 1560 ἀγκάλαις
1088 1478 1199 1561 έχουσα
1217 1504 1292 1543 κατ-

181 1580 378 1663 εσφαγμένον.
414 1576 435 1658 ἢ
451 1580 501 1641 καί
518 1576 597 1657 μεθ’
618 1573 736 1661 ἡμέραν
753 1578 848 1640 ίάεἴτο
866 1584 921 1642 τοῦ
939 1578 1050 1663 ἀνδρὸς
1066 1582 1110 1661 μὴ
1128 1586 1292 1667 προελθεῖν

180 1684 223 1757 εἷς
239 1681 295 1761 τὴν
311 1678 486 1765 σύγκλητον.
530 1676 572 1754 ὡς
589 1679 623 1742 (λε’
639 1682 690 1742 καί
708 1675 861 1755 θύσαντες
877 1682 907 1743 οἱ
923 1680 1045 1762 μάντεις
1063 1685 1210 1769 δυσιερεῖν
1227 1681 1292 1748 ἔλε-

179 1807 245 1867 γον,
276 1784 351 1867 ἔγνω
378 1784 504 1865 πέμψας
522 1778 681 1845 Ἀντώνιον
703 1780 825 1867 ἀφεῖναι
851 1781 905 1864 τὴν
923 1781 1099 1866 σύγκλητον.
1153 1789 1292 1870 Βροῦτος

138 1894 173 1948 15
181 1885 286 1967 μίντοι
303 1884 457 1964 Ἀλβῖνος,
482 1882 696 1964 πιστευόμενος
719 1886 775 1965 μέν
801 1881 859 1947 ίιπό
879 1886 1053 1970 Καίσαρος,
1080 1898 1143 1963 τοῖς
1168 1890 1202 1952 δὲ
1224 1891 1292 1973 περί

181 1984 319 2072 Μάρκον
337 1991 475 2068 Βροῦτον
492 1988 543 2051 καί
562 1985 701 2051 Κάσσιον
715 1988 850 2067 μετέχων
866 1995 922 2071 τῆς
938 1994 1145 2071 συνωμοσίας,
1171 1988 1243 2067 τοάς
1259 2016 1292 2055 τε

179 2088 306 2173 μάντεις
330 2089 466 2172 ίχλεάαζε
490 2092 540 2153 καλ
567 2088 742 2173 καθήπτετο
768 2092 928 2175 Καίσαρος
953 2089 996 2168 ὦς
1020 2093 1169 2174 διαβολάς
1193 2092 1293 2180 ἑαυτῷ

181 2196 419 2279 πρὸστρίβοντος
441 2191 697 2279 καταφρονήσεως
722 2192 799 2277 πρὸς
823 2194 878 2275 τὴν
904 2192 1081 2279 σύγκλητον.
1133 2194 1216 2277 ἥκειν
1232 2195 1292 2281 γὰρ

139 2347 144 2352 -
181 2294 279 2379 αὐτὴν
295 2298 406 2361 ἐκείνου
424 2294 629 2373 κελεάσαντος,
648 2300 698 2360 καλ
715 2293 832 2371 πάντας
848 2294 987 2377 ἑτοίμους
1006 2296 1080 2361 εἶναι
1097 2298 1291 2380 ψηφίζεσθαι
1308 2307 1330 2359 Β

139 2396 259 2463 dodau
277 2405 338 2462 τῶν
356 2398 439 2473 ἐκτὸς
453 2399 582 2473 Ἰταλίας
598 2400 751 2477 ἐπαρχιῶν
768 2396 1011 2481 ἀναγορεύεσθαι
1028 2398 1156 2476 βασιλέα
1174 2401 1223 2461 καὶ
1238 2397 1294 2479 τὴν

185 2498 281 2581 ἀλλην
298 2497 420 2565 ἐπιόντα
437 2506 492 2582 γῆν
509 2526 540 2564 τε
558 2500 609 2561 καί
626 2495 791 2561 θάλασσαν
809 2494 908 2583 ἑαυτῷ
931 2500 1118 2581 περιτιθέναι
1144 2498 1292 2584 διάδημα.

183 2601 281 2665 ταῦθ’
311 2599 377 2683 άμα
402 2602 495 2686 λέγων
519 2598 692 2686 ὃΒροῦτος
717 2592 770 2684 ἦγε
796 2599 850 2663 τὸν
874 2602 1020 2687 Καίσαρα
1045 2600 1215 2684 λαβόμενος
1237 2608 1294 2686 τῆς

250 2823 350 2891 terrei
367 2823 399 2881 sd
418 2827 494 2897 βῆμα
518 2844 558 2880 om
583 2827 616 2881 C·
753 2821 932 2894 9πυριαάαν
950 2826 1074 2895 Asscw,
1101 2828 1243 2899 αεριαιίιιν
1258 2830 1290 2884 Ρ.

247 2890 410 2962 “περιαιίαν
426 2912 479 2949 mss
486 2889 504 2913 ’⁹
520 2897 698 2955 Ducauurns.
816 2928 820 2935 ·

286 3098 330 3151 Ex
347 3116 379 3151 eo
397 3098 510 3168 populns
528 3098 560 3151 ed
579 3097 616 3151 M.
635 3098 744 3152 Brutum
762 3098 904 3169 spectavit,
923 3099 969 3167 qui
987 3116 1000 3149 a
1017 3108 1107 3151 vetere
1116 3100 1199 3151 Bruto
1209 3117 1293 3167 genus

183 3168 280 3220 ducere
297 3169 455 3235 putabatur3
478 3169 512 3219 ub
537 3184 622 3235 eoque
645 3170 699 3220 εοΙο
724 3170 767 3221 vei
790 3170 874 3238 primo
895 3168 1046 3237 pendebant
1063 3168 1108 3235 qni
1124 3170 1293 3221 mutationem

183 3234 379 3290 desiderabant.
396 3238 462 3306 qnia
478 3252 541 3289 vero
559 3235 643 3306 ipsum
661 3236 757 3306 ulloqui
775 3255 826 3289 non
844 3237 984 3301 audebant,
1004 3246 1084 3287 noctu
1101 3235 1205 3287 litteras
1224 3238 1294 3290 circu

183 3303 301 3357 tribuual
319 3313 346 3356 et
363 3305 452 3359 sellam
469 3306 498 3357 in
516 3321 569 3373 qua
583 3317 694 3393 praetor
710 3306 750 3359 ins
768 3308 875 3359 dicebat
893 3306 1062 3392 spargebant,
1081 3306 1107 3355 in
1120 3305 1218 3373 quibus
1229 3306 1294 3356 scri-

182 3379 256 3441 ptum
274 3381 332 3425 eret
344 3368 456 3443 “Brute,
474 3368 584 3427 dormis’
611 3384 639 3427 et
651 3369 723 3427 “non
742 3393 771 3427 es
789 3376 895 3425 Brutus.
954 3375 1114 3425 incitabatur
1130 3372 1198 3425 idem
1217 3373 1293 3425 etiam

182 3458 200 3494 ι
218 3440 322 3493 Cassio.

288 3510 396 3562 Caesari
419 3514 510 3564 futura
532 3512 627 3565 caedes
652 3513 771 3583 pluribus
793 3510 923 3579 prodigiis
941 3507 1097 3562 denuntiata
1116 3526 1174 3562 esse
1193 3509 1294 3562 fertur:

184 3578 408 3699 {dquam-“3¹¹¹
423 3581 488 3702 ipipd
507 3590 556 3637 est.
575 3598 690 3703 uxore'rp·
700 3582 868 3701 specubatntem
883 3596 966 3661 ‘voces
985 3579 1110 3699 ρλνεοιιγοε
1128 3583 1156 3629 et
1172 3578 1295 3661 contusas
1393 3614 1399 3623 -

217 3663 263 3699 ere
280 3662 363 3698 anrma
385 3665 471 3702 verr.
505 3667 539 3702 ee
556 3668 623 3703 vero
640 3668 690 3701 srr
717 3666 842 3701 emenarr
865 3665 921 3699 msa
945 3663 1020 3712 ere,
1046 3664 1060 3697 e
1098 3662 1156 3699 eum
1180 3664 1295 3701 eccrsum

183 3716 212 3767 in
228 3715 298 3769 ulnis
316 3723 425 3779 tenere;
442 3727 470 3771 et
486 3736 561 3771 mane
577 3720 667 3772 oravit
684 3736 717 3769 ne
735 3718 899 3769 incenatum
918 3715 1030 3769 veniret.
1066 3726 1122 3767 cum
1145 3715 1223 3768 etiem
1248 3733 1296 3768 au·

183 3800 263 3853 gures
281 3800 358 3837 sacre
375 3802 464 3852 parurn
482 3789 618 3857 auspicata
636 3788 718 3839 inisse
735 3785 868 3850 dicerent,
893 3785 1029 3837 abstinere
1052 3784 1126 3836 curie
1149 3786 1246 3837 statuit
1269 3790 1296 3837 et

247 3852 388 3905 Antonium
405 3863 521 3907 senatum
540 3857 683 3909 dimittere.
720 3856 768 3906 sed
788 3855 883 3905 Brutus
902 3854 1023 3919 Albinus,
1043 3853 1085 3906 cui
1100 3855 1201 3907 Caesar
1218 3853 1295 3905 fidem

184 3869 317 3985 mebris,
345 3921 530 3977 coniurationis
548 3942 604 3976 cnm
623 3924 661 3976 M.
680 3925 765 3976 Bruto
788 3932 815 3975 et
834 3922 929 3975 Cassia
955 3923 1105 3992 particeps,
1132 3932 1160 3975 et
1181 3938 1295 3990 augures

182 3990 336 4054 deridebat,
355 3997 384 4041 et
401 3990 539 4045 Caesarem
556 3994 779 4062 reprehendebat,
799 3992 893 4060 utqui
911 3991 1006 4044 crimen
1025 3991 1169 4060 contempti
1186 3999 1294 4043 senatus

183 4057 211 4109 in
227 4076 257 4110 se
274 4059 443 4112 admitteret:
462 4062 506 4127 qui
523 4062 573 4114 iam
591 4062 685 4114 aderat
703 4062 760 4114 eius
777 4062 861 4113 iussu.
896 4070 1001 4127 puratos
1026 4061 1104 4113 etium
1130 4078 1189 4112 esse
1206 4073 1294 4110 omnes

184 4126 327 4180 decernere
351 4136 381 4180 ut
404 4128 515 4181 omnium
539 4138 614 4183 extre
632 4130 733 4182 ltaliam
753 4129 946 4199 provinciarum
967 4146 1012 4181 rex
1031 4128 1225 4199 appellaretur,
1251 4134 1295 4177 ut-

184 4210 251 4261 que,
275 4212 334 4249 curn
352 4197 472 4249 nationes
490 4206 593 4251 exteras
613 4209 768 4268 peragraret
785 4208 833 4251 ent
850 4214 920 4249 mere
938 4199 1086 4265 traiiceret,
1113 4196 1229 4249 diadema
1247 4211 1294 4262 ge-

184 4268 278 4316 steret.
313 4264 378 4318 haec
401 4266 491 4320 dicens
516 4266 616 4320 Brutus
639 4268 780 4321 Caesarem
804 4282 880 4321 manu
906 4266 1061 4334 prehensum
1085 4266 1207 4317 ducebat.
1245 4264 1292 4316 ab·
