3134 4909
636 420 640 423 ,
658 356 815 421 NOTAE.
1214 358 1289 433 633

180 520 289 596 lunula,
309 518 388 598 quod
408 521 520 600 pridem
539 521 663 581 docuere
686 522 831 598 Rosinus‚
848 518 1056 599 Dempsterus,
1082 524 1236 585 Salrnasios
1253 532 1290 589 ad

179 604 339 663 Pollionem
365 615 395 665 et
422 607 460 665 ad
488 606 706 684 inscriptionem
726 606 868 679 Herodis,
897 604 1069 667 Benedictus
1090 608 1291 675 Balduinusin

182 689 289 749 Calceo
302 691 433 767 antiqno,
454 690 551 749 etalii
574 692 737 751 criticorum
758 691 818 749 tilii.
841 709 915 767 quae
936 691 1052 768 quidem
1066 692 1161 755 lunula
1171 697 1292 755 formam

181 776 272 835 refert
289 774 462 835 characteris
482 774 580 835 Latini
601 777 636 851 C,
653 795 711 853 quo
732 776 913 835 centenarius
935 796 1068 836 numerus
1087 780 1185 859 effingi
1207 769 1314 855 solet,¹

181 864 222 923 ita
230 866 264 918 ut
275 861 459 938 patriciorum
469 862 814 921 centenariumnumerum
823 862 851 921 in
861 860 964 923 calceis
977 861 1147 923 adumbrare
1157 868 1292 943 potuerit.

183 955 213 1005 at
227 947 306 1021 quod
323 946 454 1003 Zonaras
470 947 507 1004 de
522 944 618 1005 littera
633 942 678 1024 dai
699 947 744 1005 hic
762 948 978 1022 commentatur,
1001 964 1121 1023 prorsus
1139 950 1292 1009 absurdum

177 1037 241 1105 est,
270 1031 348 1108 quod
374 1031 422 1089 alii
448 1036 602 1103 notarunt,
624 1051 687 1089 cum
716 1050 859 1110 nusquam
885 1054 904 1109 p
931 1030 1027 1091 littera
1053 1032 1168 1093 Graeca
1189 1036 1293 1093 calceis

182 1117 368 1197 patriciorum
385 1117 491 1175 adficta
510 1116 615 1190 tuerit,
637 1136 731 1194 neque
751 1118 873 1194 primum
893 1117 972 1177 vocis
994 1118 1105 1177 Romae
1123 1118 1293 1179 elementum

183 1201 333 1263 rettulerit.
361 1201 438 1262 unde
464 1205 529 1279 jure
557 1201 635 1259 idem
654 1200 812 1261 Balduinus
835 1220 898 1279 cap.
918 1204 948 1278 9,
971 1202 1049 1280 quod
1075 1203 1120 1262 bic
1141 1205 1178 1263 de
1197 1204 1295 1263 littera

183 1311 202 1366 ρ
222 1286 354 1362 babetur,
375 1288 550 1362 superfluum
569 1286 715 1362 glossema
740 1292 770 1345 et
791 1287 954 1363 aquodam
975 1288 1108 1364 graeculo
1135 1289 1164 1347 in
1185 1288 1298 1349 textum'

183 1374 318 1431 Zonarae
336 1372 491 1429 immissum
512 1390 577 1429 esse
597 1370 766 1431 arbitratur:
790 1372 845 1429 nisi
867 1371 989 1448 ipsemet
1009 1373 1150 1449 Zonaras,
1170 1393 1229 1433 non
1249 1375 1294 1431 in-

184 1456 304 1516 tellecto
332 1474 417 1533 quem
436 1454 614 1515 exscribebat
627 1455 741 1530 Dione,
762 1456 918 1527 erraverit3
939 1458 1102 1534 quodlicet
1122 1458 1295 1535 existimare,

185 1560 251 1600 cum
276 1540 306 1597 id
335 1541 426 1618 ipsum
454 1542 618 1619 praeferant
644 1541 757 1601 codices
786 1559 886 1601 omnes
912 1560 982 1599 mss.
1011 1543 1168 1619 scripserat
1192 1562 1295 1623 nempe

184 1625 243 1685 Dio
262 1624 387 1684 litteram
406 1625 432 1685 C
453 1626 483 1683 iu
503 1626 689 1703 patriciorum
710 1627 813 1686 calceis
834 1626 1025 1685 centenarium
1047 1626 1183 1703 effingere
1203 1626 1295 1706 (quod

186 1710 288 1770 scribit
313 1711 441 1769 Isidorus
466 1709 514 1769 lib.
539 1713 580 1773 19
603 1730 666 1789 cap.
691 1708 755 1790 14),
776 1710 981 1788 addideratque
1009 1711 1084 1769 idem
1103 1712 1196 1771 valere
1218 1712 1295 1789 quorl

187 1792 233 1871 dci
259 1796 336 1871 apud
358 1796 504 1864 Graecos3
526 1797 763 1871 quemadmodum
783 1796 905 1855 loannes
923 1796 1064 1855 Gazensis
1080 1796 1109 1855 in
1123 1796 1195 1855 libro
1218 1794 1296 1876 ssepi

187 1874 399 1961 ἆρχαιολογίας
408 1881 449 1939 ait
458 1881 581 1943 Numam
602 1900 702 1956 regem
724 1879 758 1942 ἐν
778 1887 843 1953 τοῖς
860 1874 1037 1959 ὖιιοδήμασι
1053 1878 1214 1960 Ῥωμαίων
1234 1884 1297 1943 τοῖν

187 1965 356 2046 πατρικίων
379 1969 552 2026 τυποῦσθαι
576 1962 611 2027 cd
626 1961 792 2046 Ῥωμαϊκόν
809 1957 925 2037 κάπιτα,
944 1961 963 2026 ii
981 1962 1062 2035 πυροὶ
1083 1960 1297 2044 wigmodis

187 2051 252 2115 ἔστι
269 2049 314 2125 doi
336 2057 392 2133 etc.
419 2070 484 2109 nam
509 2050 670 2111 Romanum
691 2046 799 2112 ιιοὶιιπα
824 2058 871 2110 est
892 2051 918 2108 C
939 2048 1090 2125 Latinum,
1120 2052 1298 2127 eundemque

188 2154 335 2195 ursmarum
357 2136 445 2194 resert
470 2136 547 2212 qnod
576 2157 594 2213 ρ
622 2137 700 2213 apud
718 2135 857 2195 Graecos.
884 2136 948 2192 cod.
976 2154 1036 2213 reg.
1062 2132 1145 2198 2431
1167 2135 1296 2199 solata

188 2218 335 2299 περὶτοῦ
356 2213 527 2300 ἀξιώματος
546 2224 602 2280 τοῦ
622 2214 794 2299 induxero-ci
815 2218 944 2297 ἔπαρχος
969 2214 1053 2297 παραὶ
1071 2217 1226 2296 Ῥωμαίοις
1246 2218 1299 2279 sod

191 2300 290 2385 ἱερεῦς
316 2296 356 2381 ἦν
386 2305 439 2365 καὶ
468 2308 589 2381 πρῶτος
616 2308 672 2380 τῆς
698 2306 823 2381 βουλῆς.
851 2299 916 2363 insi
943 2294 1001 2363 oris
1029 2299 1188 2379 docimi
1217 2292 1299 2379 ἦσαν

191 2383 308 2461 ἑκατόν,
331 2378 421 2460 οὗτος
449 2384 482 2447 δὲ
510 2383 528 2448 d
558 2379 687 2464 ἀριθμός
709 2381 760 2447 διαὶ
779 2388 838 2447 τοῦ
857 2380 965 2447 adnuo
987 2388 1043 2445 cori
1060 2380 1227 2464 Ῥωμαϊκοῦ
1245 2408 1300 2465 χα-

191 2471 406 2553 ρακτηρίζεται,
427 2466 538 2535 τούτου
559 2463 647 2551 χάριν
673 2464 707 2531 τὸ
731 2462 838 2532 aduno
865 2472 963 2549 σχῆμα
985 2467 1069 2548 φέρει
1097 2464 1198 2531 adroic
1218 2467 1300 2533 dao'-
1402 2476 1408 2489 ³

192 2561 292 2637 ὄημα·
315 2553 407 2632 1ξοῦ
430 2550 607 2635 ὀνομάζεται
622 2550 816 2635 καππάριον·
841 2548 908 2617 οἷον
934 2545 1024 2627 οὗτός
1045 2552 1159 2616 iared
1180 2558 1300 2637 πρῶτος

190 2649 253 2706 τῶν
276 2639 384 2705 ἑκατόν
408 2646 465 2721 τῆς
484 2644 611 2723 βουλῆς.
630 2642 704 2701 adde
725 2643 843 2701 Suidam
865 2640 894 2699 in
916 2657 943 2700 v.
966 2634 1088 2720 χλαμύς.
1114 2638 1192 2699 Duc.

279 2750 308 2809 p.
334 2729 375 2790 86
397 2747 424 2791 v.
443 2730 492 2791 17.
534 2720 668 2807 cuddae]
690 2728 755 2786 vide
775 2726 892 2785 Henric.
914 2725 1057 2785 Valesium
1079 2725 1117 2783 ad
1135 2724 1300 2806 Harpocra-

191 2818 301 2876 tionem
318 2832 385 2891 pag.
402 2814 479 2887 301,
499 2811 547 2871 ubi
569 2813 606 2871 de
624 2813 679 2871 bac
696 2832 776 2872 voce.
797 2810 870 2875 Duc.
1011 2880 1014 2887 ,

279 2922 309 2978 p.
331 2896 373 2962 48
394 2919 423 2959 v.
444 2899 494 2960 21.
539 2890 732 2977 Ποστούμιος
746 2892 926 2976 Τούβερτος]
948 2899 989 2954 ita
1008 2896 1065 2956 duo
1076 2898 1161 2956 codd.
1173 2898 1248 2976 neg.
1271 2907 1312 2993 ²².

70 2972 78 2983 ⁸
194 2986 279 3047 Colb.
300 2982 376 3045 Duc.
406 2982 507 3049 Livius
526 2982 577 3043 lib.
600 2985 619 3048 2
643 2984 677 3067 [c.
701 2981 753 3061 16]
785 2982 824 3041 Μ.
847 2981 961 3043 Valerio
979 2981 1013 3041 Ρ.
1034 2982 1230 3043 Posthrmium
1250 2984 1303 3043 ad-

192 3073 296 3149 iungit.
326 3070 374 3129 W.
763 3115 766 3121 .

281 3178 310 3233 p·
334 3154 375 3217 55
392 3174 419 3213 v.
442 3155 474 3215 9.
518 3148 558 3217 ἵν’
584 3150 645 3219 εἷεν
675 3149 778 3232 adroic
808 3151 884 3217 socri
912 3152 1082 3232 συμμορίαν
1115 3152 1240 3230 βοηθοί]
1272 3159 1304 3210 ut
1362 3214 1373 3225 ,

197 3239 327 3315 singulae
348 3240 456 3298 classes
477 3260 547 3299 suos
565 3250 705 3318 patronos
725 3242 878 3314 baberent,
900 3239 1030 3314 sequitur
1047 3255 1194 3294 numerum
1211 3234 1303 3293 tribu-

197 3344 299 3383 norum
320 3325 358 3381 ad
375 3324 474 3383 decem
491 3342 557 3382 esse
576 3329 704 3383 auctam:
733 3324 841 3383 classes
866 3328 963 3382 sutem
983 3341 1002 3381 a
1021 3320 1123 3381 Servio
1144 3318 1241 3383 Tullio
1262 3319 1308 3385 in-

198 3410 316 3468 stitutae
330 3410 445 3468 suerunt
464 3426 524 3466 sex.
554 3407 599 3466 W.

282 3514 311 3572 p.
334 3493 496 3555 62v.10.
540 3488 705 3571 στρατηγδυ
731 3489 844 3569 ἕτερον]
872 3493 914 3551 sic
941 3492 1120 3567 reposuimus
1140 3506 1174 3547 ex
1196 3488 1306 3555 duobus

198 3578 297 3653 Regiis
325 3597 403 3653 mss,
423 3576 476 3635 ubi
492 3576 633 3650 Wolfius,
661 3577 734 3636 alter
758 3576 834 3653 Reg.
864 3583 894 3635 et
914 3575 1043 3634 Colbert.
1072 3569 1107 3635 sd
1136 3573 1237 3651 τρίτον
1257 3569 1309 3636 τὸν

201 3662 329 3723 Moilcov
351 3663 452 3724 εἵλετο.
473 3662 521 3721 ubi
541 3662 634 3720 obiter
655 3662 883 3735 observandum,
912 3661 986 3737 apud
1002 3659 1156 3734 zonarum,
1186 3678 1249 3716 cum
1270 3660 1308 3715 de

200 3746 286 3805 rebus
298 3747 436 3806 Romanis
453 3748 525 3824 agit,
545 3746 683 3804 consum
703 3754 735 3804 ut
755 3746 811 3803 lroc
828 3745 892 3804 loco
910 3739 1093 3824 στρατηγους
1113 3741 1261 3820 appellari,
1280 3748 1310 3803 et

201 3837 403 3912 στρατηγῆσαι
422 3852 476 3910 pro
495 3831 686 3889 eonsrsdrtum
705 3833 782 3887 inire
801 3830 941 3907 usurpari.
979 3830 1054 3906 quod
1070 3847 1104 3886 ex
1120 3828 1197 3884 bisce
1216 3826 1310 3884 verbis

200 3918 230 3974 in
247 3917 302 3976 bac
322 3916 450 3975 sectione
471 3916 621 3994 descriptis
640 3916 684 3974 vel
698 3916 840 3993 colligitur
851 3910 945 3993 ἄμφω
962 3904 1311 3990 τούςῦπιὶτουςῆστρα·

200 3993 313 4083 τυρούς
333 4000 373 4078 [p-
395 4002 435 4063 61
454 4020 482 4063 v.
504 4001 565 4078 19].
592 4000 725 4061 consules
747 4002 820 4058 enim
842 4000 1027 4076 postmodum
1045 3996 1100 4053 dici
1119 4013 1240 4072 coepere
1262 3993 1311 4070 qul

202 4094 287 4147 antea
312 4092 463 4164 praedores
490 4084 684 4159 vocabantur,
709 4091 741 4143 ut
768 4104 803 4144 ex
832 4085 925 4143 Dione
955 4104 984 4142 n.
1015 4079 1054 4144 19
1084 4078 1121 4157 [p.
1144 4080 1184 4141 69
1206 4096 1232 4137 v.
1257 4074 1310 4156 14]

203 4171 302 4231 scribit
322 4170 453 4230 Zonaras
469 4164 534 4233 τότε
559 4166 616 4251 peip
635 4169 749 4250 λέγεται
769 4172 891 4247 πρῶτον
912 4158 1050 4236 ὑπάτους
1077 4156 1190 4235 αὐτους
1216 4178 1310 4235 προσ-

204 4258 428 4335 αγορευθῆναι,
467 4249 650 4337 στρατηγους
674 4250 881 4332 καλουμένους
918 4243 1076 4329 πρότερον.
1114 4246 1190 4306 Duc.
1233 4245 1310 4304 idem

201 4338 300 4400 Livius
327 4341 422 4400 docet.
