3134 4909
566 329 853 412 murmurum
878 345 929 411 ιι.
1228 348 1302 419 243

203 517 449 582 tonstrinarum
466 519 500 582 δὲ
517 521 560 594 είς
570 521 686 606 χωρίον
701 515 937 603 ίπιτηδειότερόν
952 543 981 582 τι
998 515 1157 601 ἠθέλησεν.
1200 523 1232 598 ίξ
1249 523 1306 587 αό-
1326 525 1329 534 '

202 619 344 704 τομόλων
361 621 394 684 δὲ
410 625 498 690 τοῦτο
515 621 629 704 pudoris
647 617 664 686 ό
680 625 815 700 Σκιπίων
830 623 1031 708 προεξανίστη
1056 622 1164 699 νυκτός
1181 626 1232 686 καὶ
1248 650 1306 689 κα·

203 709 290 806 όίσχε
313 721 366 788 τόν
389 720 481 789 τόπον
498 727 541 802 είς
558 721 592 789 δν
609 726 719 802 ἐκεῖνος
735 725 890 809 ἠπείγετο·
923 727 954 788 ἓν
966 729 1070 812 χωρίῳ
1090 726 1125 789 δι’
1140 751 1197 790 τινι
1213 729 1305 816 κοίλῳ

202 829 253 894 καί
272 826 466 915 ἀνεπιτηδείῳ
483 830 560 914 πρὸς
576 831 829 915 στρατοπίδευσιν
837 827 1006 912 γενομένοις
1014 837 1077 904 τοῖς
1085 827 1308 912 Καρχηδονίοις

176 926 337 1016 δίπεφόνη
356 931 519 1016 αἰφνίδιον.1
552 927 569 996 ό
587 919 621 996 δ’
636 933 775 1014 Ἀννίβας
791 936 959 1014 συμβαλεῖν
976 930 1031 994 οὐκ
1046 929 1189 1015 ίθίλησε,
1211 958 1306 1020 στρα-

201 1029 435 1114 τοπεδευόμενος
459 1034 492 1098 δ’
518 1038 582 1099 ἐκεῖ
601 1039 653 1100 καὶ
677 1040 864 1122 φρεωρυχῶν
887 1030 1114 1119 ε’ταλαιπιίρησε
1137 1034 1191 1098 διὰ
1207 1034 1307 1123 πόσης

199 1142 255 1219 τῆς
269 1133 387 1212 νυκτός.
438 1139 488 1201 καί
514 1135 610 1214 οίίτως
632 1147 732 1216 κακῶς
756 1138 868 1216 αὐτοὺς
884 1136 1008 1220 ἔχοντας
1022 1133 1083 1202 int
1100 1137 1239 1221 καμάτου
1257 1142 1308 1202 καί

201 1241 298 1322 δίψης
313 1236 521 1324 κατηνάγκασε
538 1243 589 1304 καί
606 1239 735 1318 εἴκοντας
752 1238 768 1304 ό
786 1244 920 1306 Σκιπίων
935 1245 1087 1325 συμμίξαι
1104 1242 1198 1330 αὐτῷ.

304 1342 479 1422 Συνίβαλον
493 1335 546 1407 οὖν
564 1342 592 1407 oi
608 1345 663 1426 μὲν
675 1340 820 1425 Ῥωμαῖοι
833 1345 1060 1429 συντεταγμένοι
1072 1347 1123 1408 καί
1136 1344 1304 1432 πρόθυμοι,
1321 1368 1345 1420 c

159 1443 335 1525 ΙοἈννίβας
353 1447 386 1508 δὲ
402 1449 452 1510 καί
471 1445 500 1510 οἳ
517 1443 724 1531 Καρχηδόνιοι
742 1445 924 1531 ἀπρόθυμοί
935 1471 967 1511 τε
984 1451 1035 1510 καί
1057 1449 1307 1532 καταπεπληγμέ-

200 1573 246 1614 νοι
270 1553 321 1612 καί
346 1548 390 1612 δι’
419 1551 506 1634 δ’τερα
529 1551 579 1612 καί
599 1547 646 1613 ότι
663 1551 713 1612 καί
732 1545 748 1612 ὃ
766 1545 851 1630 ἥλιος
868 1547 991 1629 σόμπας
1007 1549 1148 1625 ἐξέλιπεν.
1199 1553 1231 1613 ίκ
1248 1549 1307 1635 γὰρ

198 1659 260 1718 τῶν
284 1651 384 1716 ἄλλων
407 1654 458 1716 καί
475 1658 564 1718 τοῦτο
583 1652 636 1716 οὐκ
655 1649 754 1717 αἴσιόν
771 1677 800 1716 τι
817 1649 1001 1737 προμηνύειν
1019 1654 1123 1738 σφίσιν
1140 1647 1309 1733 όἈννίβας

199 1752 401 1820 inenervem
454 1753 534 1818 οὕτω
558 1754 590 1817 δ’
619 1754 736 1836 ίχοντες
761 1753 833 1831 τοδς
856 1755 1022 1840 ε’λίφαντας
1039 1751 1155 1820 iuvetis
1172 1753 1307 1840 προεβό-
1324 1771 1361 1827 w
1375 1773 1456 1832 1197

203 1863 301 1920 lurco.
352 1858 402 1920 καὶ
424 1855 451 1919 oi
470 1853 615 1940 Ῥωμαῖοι
637 1859 715 1941 μίγα
740 1859 883 1944 ἐξαίφνης
905 1860 956 1922 καὶ
980 1859 1221 1941 καταπληκτικόν
1238 1859 1308 1924 ἆνε-

161 1957 332 2042 15βόησαν,
352 1962 402 2023 καί
420 1960 474 2036 τὰς
491 1959 622 2036 ἀσπίδας
638 1971 702 2037 τοῖς
715 1957 824 2048 δόρασι
837 1960 1019 2042 κρούσαντες
1031 1967 1125 2049 θυμῷ
1137 1963 1188 2025 καί
1203 1960 1307 2050 δρόμῳ

202 2064 250 2126 lul
274 2063 345 2137 τσδς
369 2063 535 2150 ἐλέφαντας
559 2061 715 2150 ὥρμησαν.
766 2061 827 2152 ὑφ’
853 2056 895 2130 ὧν
919 2065 1122 2150 ταραχθέντες
1146 2067 1252 2129 ἐκείνοι
1277 2064 1307 2129 οἳ

200 2166 256 2249 μίν
281 2167 400 2243 πλείους
429 2167 483 2231 οὐκ
500 2168 637 2244 ίδίξαντο
656 2175 739 2256 σφᾶς
755 2167 828 2231 ἀλλ’
848 2167 1056 2253 ἀπετράποντο
1073 2170 1123 2231 καί
1142 2167 1307 2252 τιτρωσκό-

200 2294 285 2352 μενοι
302 2271 393 2349 μείζω
410 2279 473 2347 τοῖς
489 2270 729 2355 ἐπιτεταγμέναις
745 2272 898 2336 ίνεποίουν
915 2272 967 2335 τὸν
984 2269 1134 2353 θόρυβον,
1161 2268 1190 2332 οἱ
1208 2269 1240 2332 δὲ
1257 2270 1307 2331 καί

202 2368 296 2452 ὁμόσε
318 2375 404 2457 σφίσι
419 2370 631 2455 χωρήσαντες,
665 2380 726 2437 τῶν
738 2369 896 2452 Ῥωμαίων
920 2371 1118 2451 διισταμένων
1141 2368 1193 2433 διὰ
1209 2371 1305 2450 μίσου
1322 2393 1348 2446 1>

161 2471 307 2540 tunderis
325 2473 515 2556 διεξίτρεχον,
540 2477 590 2537 καί
608 2471 767 2558 παριόντες
783 2471 947 2551 ε’βιίλλονιό
965 2497 997 2534 τε
1015 2473 1065 2534 καί
1082 2472 1115 2534 ίκ
1128 2472 1231 2558 χειρός
1248 2475 1309 2537 ἐτι-

205 2570 388 2658 τρώσκοντο.
439 2578 490 2637 καί
517 2575 566 2637 ἐπί
587 2601 654 2640 τινα
679 2575 735 2656 μὲν
750 2571 861 2660 χρόνον
879 2573 1022 2656 ἀντίσχοι
1045 2573 1073 2638 oi
1092 2573 1308 2660 Καρχηδόνιοι,

204 2675 307 2740 ἔπειτα
324 2682 379 2741 τοῦ
396 2678 592 2742 Μασινίσσου
610 2681 659 2742 καί
677 2685 732 2743 τοῦ
744 2680 881 2743 Amilos
900 2689 961 2753 τοῖς
978 2677 1098 2742 ἱππεῦσι
1114 2678 1193 2742 κατὰ
1212 2677 1307 2744 νώτου

203 2777 436 2868 προσπεσόντων
455 2780 559 2857 αὐτοῖς
575 2777 684 2858 πόντες
700 2781 822 2868 ίρυγιιν.
874 2780 902 2844 οἶ
927 2782 960 2845 δὲ
976 2784 1095 2856 πλείους
1111 2780 1307 2868 ίφθιίρησαν,

275 2990 308 3042 l'l
324 2993 400 3056 σφίσι
418 2985 587 3058 προμηνύειν
605 2991 637 3044 A.
765 2989 797 3042 14
813 2984 995 3059 ἐκπληκτικὸν
1012 2991 1044 3044 Β.
1184 2993 1219 3045 ‘22
1234 2986 1307 3044 κατδ

271 3054 361 3112 υιότου
378 3057 429 3113 add
447 3059 503 3114 ΑΒ.

205 3246 289 3300 belem
306 3246 339 3297 de
359 3262 448 3316 pugne
465 3245 569 3298 minime
585 3247 744 3314 cogitantem
764 3255 851 3301 castra
867 3245 895 3297 in
913 3247 996 3298 locum
1013 3242 1212 3297 commodiorem
1222 3247 1307 3298 traus-

205 3316 276 3368 ierrs
293 3314 362 3366 selle
380 3331 413 3367 ex
430 3315 574 3384 transfugis
592 3314 772 3383 intellexisset,
791 3326 872 3369 noctu
886 3314 944 3367 loco
962 3329 994 3365 εο
1013 3328 1065 3383 quo
1083 3311 1129 3364 ills
1146 3311 1308 3380 properabat

205 3391 407 3454 praeoccupato,
427 3384 690 3450 Carthaginiensibus
704 3387 732 3437 in
751 3384 870 3437 convelle
886 3383 982 3435 castris
1000 3382 1068 3433 baud
1085 3382 1181 3433 idonea
1199 3397 1305 3432 uersau-

207 3452 295 3517 tibus,
313 3467 352 3503 ¹ex
369 3453 512 3523 improviso
530 3471 559 3504 se
579 3454 703 3506 ostendit.
737 3461 765 3507 et
781 3452 914 3505 Henuibsl
929 3453 1077 3503 detrectetis
1093 3465 1198 3518 pugna,
1216 3450 1308 3502 castris
1411 3465 1414 3468 ’

207 3521 244 3577 ibi
265 3520 408 3574 muniendis
426 3531 454 3575 et
470 3521 557 3592 puteis
575 3521 704 3575 fodiendis
722 3539 769 3591 per
786 3529 867 3574 totum
884 3533 986 3573 noctem
1005 3521 1057 3570 suit
1073 3528 1232 3586 occupatuss
1254 3535 1307 3587 qua

207 3605 331 3644 aerumna
357 3591 483 3657 fatigatos
507 3597 535 3643 et
558 3591 677 3643 sitientes
696 3591 787 3660 Scipio
809 3591 852 3642 vel
868 3589 966 3640 inritos
984 3587 1307 3658 inirepraeliurn-coegit.

310 3659 522 3726 Congrediuntur
543 3661 613 3712 inter
630 3678 707 3726 sess,
725 3659 835 3712 Romani
852 3657 976 3711 instructi
994 3664 1022 3709 et
1040 3657 1158 3721 alacres,
1175 3655 1308 3712 Hannibal

207 3737 236 3782 et
259 3727 490 3795 Carthaginienses
513 3729 605 3797 inviti,
632 3739 661 3782 et
682 3739 790 3798 praeter
814 3727 867 3779 alia
893 3726 971 3778 stiam
996 3726 1100 3779 deiectu
1122 3726 1185 3778 solis
1202 3727 1330 3796 integro*

206 3797 305 3920 ρρρρὶῑρ,
324 3813 399 3917 ηαεαί
416 3809 525 3920 ρρκεειεὲ
536 3797 725 3920 ραρρεττιιιίίιίί
745 3796 797 3850 sibi
814 3795 901 3917 faust}¹
912 3797 1070 3918 pertendite
1087 3794 1219 3878 Hunnibsl
1235 3797 1307 3918 εἱδῖἰο

268 3882 337 3922 aur.
374 3883 415 3917 se
452 3884 483 3920 an
541 3886 549 3919 ι
593 3885 625 3921 ur
642 3885 668 3920 ιιι
704 3883 883 3920 nmeacreco
903 3881 967 3918 ocae
1048 3881 1278 3918 emamusrosur

207 3936 308 4006 ingenti
332 3943 359 3987 et
384 3883 497 3988 teinbssi
519 3885 630 3990 elai-iore
648 3887 752 3990 satiato
771 3944 799 3988 et
816 3935 913 4004 clipeos
938 3933 1020 3987 hastis
1044 3934 1193 4004 pulsantes,
1216 3934 1256 3986 ira
1279 3945 1316 3986 et*

207 4023 286 4058 cursu
302 4003 421 4066 incitati,
441 4003 537 4058 belluas
554 4007 652 4076 impetu
668 4007 714 4058 illo
732 4006 841 4058 territes
859 4003 1021 4073 dissiparunt
1036 4015 1116 4070 atque
1138 4009 1305 4056 everterunts

207 4091 275 4144 quse
293 4091 358 4128 vero
377 4073 587 4142 vulnerabantur,
601 4075 656 4128 suis
675 4075 756 4144 magis
772 4075 1005 4128 incommodabaut
1043 4073 1098 4124 iam
1113 4081 1144 4124 ut
1160 4071 1263 4140 aliquae
1279 4069 1307 4122 is

208 4143 296 4196 hostes
319 4146 404 4210 irent,
430 4149 517 4194 tumen
536 4142 662 4197 Romanis
687 4146 798 4214 spatium
820 4143 1007 4212 praebentibus
1050 4160 1080 4195 er
1095 4142 1205 4193 mediare
1223 4137 1305 4192 aciem

208 4221 417 4266 transcurrentes
442 4211 512 4264 inter
536 4215 752 4280 praetereundum
778 4223 806 4266 et
825 4213 919 4266 isculis
936 4221 963 4263 et
979 4160 1075 4280 gladiis
1091 4209 1304 4263 vulnerabantur.

209 4287 289 4348 etque
314 4282 347 4334 sd
370 4291 474 4352 tempus
497 4278 601 4348 sliquos
617 4283 850 4350 Carthaginienses
865 4280 1036 4335 restiterunt:
1053 4280 1148 4333 deinde
1165 4276 1306 4330 Masinissa

210 4355 238 4402 et
253 4348 343 4404 Laelio
360 4367 418 4406 eum
435 4350 557 4421 equitatu
575 4367 592 4405 a
608 4355 682 4420 tergo
701 4369 746 4407 eos
763 4351 944 4408 adorieutibus
960 4351 1087 4421 ingerunt
1103 4363 1199 4415 omues,
1216 4347 1305 4417 plures
