3134 4909
270 287 346 358 214
633 277 807 349 losnttts
829 277 1027 346 ZONARAE

268 458 347 530 αάτά
372 454 505 539 συνέβη,
537 454 699 521 κατέδεισε.
756 453 807 516 καὶ
832 449 1068 536 προσεκπλαγελς
1091 443 1139 513 ὅτι
1162 446 1195 512 έν
1218 443 1385 534 τηλικούτῳ

268 559 397 647 κινδύνῳ
422 558 505 635 ἀντες
530 557 599 623 ούτε
622 563 677 640 τῆς
700 550 832 637 Καπύης
853 552 1029 634 ἀπέστησαν
1051 551 1101 614 καλ
1127 551 1158 625 ές
1181 549 1237 628 τὴν
1250 549 1385 635 Ἰβηρίαν

269 667 320 730 καὶ
336 658 527 748 στρατιώτας
548 663 599 725 καὶ
617 655 787 744 στρατηγδν
803 657 935 738 πέμψειν
952 653 1077 737 έμελλον
1086 701 1096 732 ,
1122 654 1173 717 καὶ
1197 651 1245 716 ὅτι
1258 650 1384 736 χρημά-

269 792 330 832 των
348 765 508 848 δεηθέντες
524 760 683 846 έπιύλησαν
701 759 780 824 ἀλλα
796 760 897 824 τεκαὶ
922 756 958 822 τδ
978 757 1093 841 χωρίον
1109 756 1141 818 έν
1158 745 1184 843 ᾧ
1200 756 1382 838 έστρατοπε-

269 865 371 935 δεύετο
389 865 538 949 δημόσιον
554 863 598 943 ἀν,
624 866 675 929 καὶ
694 858 862 948 ἀπογνούς,
885 859 1056 942 ἀπανέστη,
1082 855 1229 934 πολλάκις
1247 855 1408 940 &suffusi-5

268 997 326 1050 σας
344 962 393 1035 “ni
416 966 535 1035 Κάνναι
554 966 698 1034 Κάνναι.”
753 965 806 1029 καλ
831 963 903 1028 ούδέ
924 968 963 1048 τῇ
980 957 1095 1047 Καπύη
1119 959 1165 1027 i's'
1184 961 1384 1047 ἐπικουρῆσαι

268 1073 429 1159 ἠθέλησεν.

128 1180 182 1236 ΡΙ
198 1182 262 1240 ιιι·
373 1175 413 1240 Oi
435 1172 469 1237 δέ
492 1171 600 1256 καίπερ
617 1170 648 1236 έν
666 1164 901 1244 ἀσθενεστάτοις
918 1165 1001 1243 ὄντες
1009 1214 1019 1245 ,
1045 1163 1130 1247 ὅμως
1145 1161 1325 1249 ἀπογνόντες
1341 1159 1385 1241 ὣς

270 1279 306 1346 οὗ
325 1275 498 1360 τευξόμενοι
516 1271 695 1357 συγγνώμης
712 1272 797 1359 παρά
809 1268 975 1352 Ῥωμαίων
987 1269 1134 1350 ἀπεῖχον,
1146 1269 1197 1332 καὶ
1210 1273 1254 1354 uf
1262 1266 1385 1356 Ἀννέβρ

270 1380 453 1456 ἐπέστειλαν,
477 1374 648 1459 βοηθήσειν
665 1375 767 1452 αὐτοῖς
785 1373 947 1452 ἀξιούντες.
981 1370 1210 1458 συλληφθέντες
1227 1370 1261 1434 δέ
1277 1369 1307 1433 οἱ
1323 1375 1384 1434 vnis
1391 1381 1427 1436 10

271 1485 438 1550 έπιστολῶν
461 1481 604 1562 κομισταὶ
627 1478 713 1566 παρὰ
735 1483 792 1544 τού
811 1471 957 1540 Φλάκκου
980 1471 1011 1556 (ὃ
1032 1473 1093 1559 γάρ
1116 1469 1273 1548 Κλαύδιος
1299 1470 1385 1557 έφθη

270 1585 427 1668 τεθνηκώς
444 1585 476 1647 έκ
493 1589 548 1647 τοῦ
566 1579 753 1668 τραύματος)
770 1580 828 1654 τὰς
837 1588 944 1663 χεῖρας
956 1574 1188 1659 ἀπετμήθησαν.
1240 1572 1387 1651 ούςῖδύν-

269 1715 319 1766 τες
345 1687 374 1752 οἳ
395 1687 562 1769 Καμπανοὶ
588 1687 693 1758 δεινῶς
710 1677 941 1764 κατεπλάγησαν
964 1682 1014 1744 καὶ
1032 1676 1049 1744 δ
1066 1704 1096 1742 τι
1112 1675 1279 1759 πράξουσιν
1295 1679 1386 1758 έβου-

270 1787 403 1854 λεύοντο.
464 1785 632 1868 λεχθέντων
656 1785 690 1849 δέ
712 1787 833 1848 πολλῶν
838 1829 849 1861 ,
883 1779 1013 1863 Ἰούβιάς
1041 1807 1088 1859 τις
1112 1781 1238 1867 Ούλριος
1262 1781 1294 1844 έν
1322 1789 1387 1856 τοῖς

271 1887 404 1978 πράτοις
428 1887 529 1954 αὐτῶν
555 1885 598 1950 siis
623 1888 674 1952 καὶ
701 1892 756 1970 τῆς
782 1882 979 1961 ἀποστάσεως
1005 1880 1185 1959 αἰτιώτατος
1206 1880 1287 1966 “ssia
1310 1879 1385 1966 ἡμῖν
1393 1900 1427 1960 15

270 1993 373 2058 έστιν”
401 1990 460 2076 έφη
480 1986 666 2076 “καταφυγὴ
692 1991 742 2053 καὶ
760 1989 922 2074 έλευθερέα
938 1984 955 2052 ὃ
973 1985 1120 2063 θάνατος.
1171 1988 1226 2050 καέ
1239 2011 1294 2070 μοι
1310 1985 1386 2051 ἀκο-
1438 1981 1447 1996 ’

269 2089 445 2176 λουθήσατε
463 2092 583 2156 οἴκαδε·
610 2091 669 2175 ἔχω
685 2087 745 2175 γάρ
762 2117 792 2156 τι
809 2087 975 2177 φάρμακον
991 2084 1300 2176 παρεσκευασμένον.”
1334 2091 1385 2153 καὶ

232 2193 289 2263 tsi
313 2197 370 2280 μέν
392 2193 583 2282 παραλαβὼν
607 2194 680 2269 τούς
704 2192 788 2280 αύτῷ
812 2193 993 2269 πεισθέντας
1015 2189 1161 2268 ἑκουσίοις
1177 2191 1312 2257 ἀπέθανε
1328 2191 1386 2257 σδν

269 2299 391 2377 αὐτοῖς,
418 2299 470 2363 καλ
494 2297 524 2360 οἳ
548 2299 647 2361 λοιποὶ
670 2294 727 2372 τάς
750 2292 849 2371 πύλας
872 2304 936 2371 τοῖς
948 2292 1116 2379 Ῥωμαίοις
1132 2293 1282 2382 ἀνέῳξαν·
1316 2291 1386 2360 δδιὲ

271 2399 415 2476 Φλάκκος
430 2397 470 2465 τά
486 2425 519 2464 τε
535 2396 616 2463 ὅπλα
632 2397 735 2464 αὐτῶν
753 2400 804 2462 καὶ
821 2397 861 2463 τὰ
874 2393 1022 2483 χρήματα
1039 2395 1140 2463 πάντα
1156 2397 1307 2483 ἀφειλετο,
1332 2399 1429 2464 καλλι)

268 2511 329 2570 τῶν
351 2502 473 2588 ἀνδρῶν
493 2507 554 2567 τῶν
576 2503 753 2588 κορυφαίων
776 2500 850 2576 τούς
874 2501 931 2583 μέν
953 2499 1104 2565 ἀπέκτεινε
1127 2499 1199 2576 τοδς
1224 2501 1258 2566 δέ
1282 2500 1313 2575 ές
1330 2499 1384 2583 τὴν

266 2603 392 2688 Ῥιύμην
417 2603 554 2687 έπεμψε,
586 2601 688 2685 μόνων
714 2602 746 2666 δ’
773 2601 919 2684 ἀπέσχετο
943 2608 1005 2668 τῶν
1026 2605 1060 2667 ἐκ
1087 2608 1144 2670 τοῦ
1167 2598 1275 2684 δμέλου
1298 2627 1384 2689 περι-

339 2857 644 2929 4έστρατοπεδεύσατο
660 2865 691 2916 Α.
761 2864 859 2919 5snte
874 2857 1008 2924 πολλάκις
1024 2863 1046 2914 Β
1063 2863 1115 2916 edd
1132 2861 1190 2921 καλ.
1262 2866 1297 2920 10
1313 2859 1384 2918 ἄστε’.

339 2934 449 2986 etesias
465 2933 496 2984 C.
561 2932 595 2986 14
615 2927 732 3003 Ούΐβιύς
747 2950 790 2996 τις
810 2927 944 3003 Ούδρριος
958 2931 1099 2984 seeundum
1117 2931 1232 2989 Livium.
1287 2937 1321 2989 15
1332 2933 1385 3004 ρέα

339 2997 392 3070 μέν
410 2993 467 3054 less
484 2995 632 3070 καταφυγὴ
650 2996 704 3070 ἔφη
722 2998 770 3053 καλ
787 3002 821 3055 Δ.
927 2999 962 3057 18
978 2991 1105 3061 έκούσιος
1120 3000 1176 3056 AC.

271 3257 302 3294 so
320 3241 520 3324 obstupefactus
542 3241 612 3308 quod
630 3237 740 3293 Romani
764 3241 791 3292 in
813 3246 888 3294 tento
905 3239 1057 3294 disen'mine
1073 3239 1211 3294 constituti
1228 3255 1315 3308 neque
1332 3240 1386 3293 Cs-

268 3326 345 3378 puem
363 3309 545 3378 relinquerent
563 3316 590 3360 et
607 3317 754 3378 praetorem
766 3326 823 3361 eun
834 3310 959 3364 militibus
971 3310 997 3362 in
1011 3310 1163 3380 Hispaniam
1175 3308 1280 3361 missuri
1286 3319 1384 3375 essent,

247 3379 297 3430 'et
321 3379 390 3447 quod
414 3377 525 3447 pecunie
550 3387 659 3446 egentes
683 3386 789 3446 praeter
811 3379 862 3430 elis
884 3378 946 3431 iilud
968 3379 1047 3431 etiem
1066 3379 1148 3432 seium
1167 3378 1265 3448 publici
1283 3379 1340 3447 egri
1356 3378 1385 3430 in

268 3463 320 3515 qne
342 3455 428 3499 cestre
456 3446 572 3499 habebnt
594 3447 796 3508 vendidissent3
828 3447 1021 3516 desperataque
1045 3449 1239 3516 expugnatione
1262 3446 1383 3512 recessit,

268 3515 379 3567 subinde
405 3516 550 3568 exciamem
576 3510 613 3568 “e
639 3515 748 3568 Cannae
768 3510 903 3570 Csnnes.''
929 3533 961 3568 ee
984 3533 1018 3570 ne
1041 3517 1151 3586 Capuae
1169 3511 1282 3584 ‘quidem
1309 3530 1384 3586 opem

268 3581 378 3650 emplius
395 3583 467 3634 ferre
484 3584 576 3636 voluit.
1407 3611 1410 3616 ·

372 3650 500 3732 Οιιιιρειιί
518 3669 582 3704 vero
600 3669 749 3722 quenquam
766 3651 801 3704 ed
820 3667 933 3704 sennes
949 3652 1086 3720 angustias
1108 3651 1210 3704 redscti
1232 3659 1319 3705 tenen
1337 3651 1385 3703 de-

267 3724 375 3785 sperstn
392 3735 468 3770 vente
486 3720 650 3787 restiterunt,
669 3721 767 3774 auxilio
785 3719 943 3773 Hannibalis
966 3736 1014 3789 per
1030 3719 1132 3772 litteras
1150 3720 1300 3791 implorato.
1334 3719 1384 3771 sed
1416 3729 1421 3738 ’

267 3785 396 3839 tabellarii
416 3802 432 3838 e
450 3787 545 3839 Flacco
563 3789 742 3859 comprehensi
759 3790 832 3856 (nens
846 3787 973 3841 Claudius
987 3806 1020 3840 ex
1037 3789 1146 3841 vnlnere
1157 3789 1208 3842 ism
1218 3788 1384 3854 decesserat)

267 3853 387 3906 menibus
404 3855 519 3907 truncati
535 3867 606 3908 sunt.
642 3875 694 3926 qno
714 3859 779 3910 Cen
799 3857 842 3908 sni
860 3857 917 3909 viso
936 3857 1050 3926 perculsi
1068 3857 1101 3908 de
1118 3875 1217 3911 sumine
1234 3873 1319 3909 rernm
1337 3857 1386 3908 de·

267 3921 426 3976 libersbsnt.
461 3923 546 3974 multis
570 3925 659 3977 verbis
683 3927 762 3978 iactis
780 3877 876 3978 inbias
897 3925 986 3976 Virius
1004 3925 1046 3976 vir
1062 3926 1202 3997 princeps,
1225 3925 1384 3979 deiectionis

267 3989 425 4060 preeeipnus
442 3999 544 4057 auctor,
558 3985 679 4045 “unuin‘’
698 3993 783 4063 inquit
795 3989 895 4046 “nobis
910 3993 1059 4062 confugiunt
1076 4005 1104 4048 et
1112 3995 1222 4049 libertis
1235 4003 1287 4062 est,
1305 4009 1385 4047 mess.

267 4075 317 4111 ves
341 4075 381 4110 me
399 4058 500 4111 domun
519 4060 672 4126 sequiminit
698 4078 829 4115 venenum
847 4061 915 4113 enim
932 4069 1117 4131 prsepsrstnm
1134 4055 1248 4118 habeo.”
1281 4063 1320 4116 sic
1338 4065 1386 4116 sb·
1421 4097 1431 4111 -

267 4128 354 4181 ductis
371 4127 403 4180 iis
420 4143 507 4179 secun
526 4129 622 4196 quibus
639 4145 671 4182 ee
687 4129 820 4182 sententie
836 4129 965 4199 placebat,
985 4147 1037 4184 ens
1054 4150 1111 4185 eun
1133 4135 1184 4187 iliis
1201 4133 1272 4184 ultre
1291 4131 1385 4202 periit:

266 4197 368 4250 eeeteri
391 4205 483 4266 portae
501 4195 626 4250 Romanis
652 4205 821 4266 aperuerunt
856 4198 950 4266 quitus
971 4201 1081 4254 Flsccns
1100 4219 1173 4256 enne
1188 4201 1277 4253 omnie
1293 4207 1322 4254 et
1338 4217 1384 4268 pce

267 4265 368 4320 eunism
393 4281 493 4320 omnem
511 4265 623 4330 ademit,
647 4275 674 4318 et
695 4265 841 4336 principun
858 4267 975 4326 virorum
992 4268 1058 4328 elios
1077 4270 1174 4328 occidit
1189 4269 1258 4322 alies
1275 4269 1384 4323 Romsnt
