3134 4909
514 334 729 400 ANNhLlUllI
751 336 820 401 XII
844 336 896 403 24.
1185 340 1259 413 597

252 502 407 590 Αῦρίολος
424 502 458 601 δὲ
474 502 507 566 ἐκ
520 501 626 589 χώρας
643 504 685 571 ὢν
699 510 730 569 Γ
727 514 826 591 ετικῆς
842 515 897 590 τῆς
912 506 1038 599 ὕστερον
1056 510 1176 590 Δυκίας
1194 514 1259 580 ἐπι-

149 608 330 689 κληθείσης,
356 608 408 669 καί
431 606 535 689 γένους
559 607 681 691 ἀσήμου
707 610 834 692 (ποιμήν
851 612 910 697 γάρ
928 611 1069 699 ἐτύγχανε
1086 614 1258 703 πρότερον),

148 708 313 795 τήςτύχης
331 710 364 773 δὲ
381 708 475 773 αῦτδν
492 713 534 786 εἷς
552 713 631 794 μέγα
647 717 855 797 βουληθείσης
873 717 998 802 ἐπᾶραι,
1027 719 1257 803 ἐστρατεύσατο,

149 815 199 875 καὶ
224 813 390 916 περιδέξιος
413 812 557 896 γεγονώς,
583 821 644 878 τοῖν
667 822 835 893 βασιλικῶν
856 822 958 884 ’ίππων
981 823 1163 906 φροντιστής
1181 850 1257 911 προ-

121 916 322 1001 5κεχείριστο.
373 918 423 978 καὶ
448 919 515 999 περὶ
541 915 667 992 τούτους
683 918 861 1001 εῦδοκιμεῦν,
882 925 1095 1007 κεχαρισμένος
1112 926 1195 1003 έδοξε
1213 933 1296 1015 soil)

147 1024 317 1101 κρατοῦντι.
370 1024 429 1083 τῶν
454 1021 486 1082 δέ
510 1021 540 1083 ἐν
562 1027 601 1106 τῇ
618 1024 730 1111 Μυσίᾳ
747 1032 943 1106 στρατιωτῶν
960 1025 1189 1093 στασιασάντων
1205 1034 1258 1093 καὶ

143 1120 307 1204 Ἰγγενοῦον
322 1119 534 1207 αὐτοκράτορα
552 1120 743 1202 άνειπδντων,
761 1130 885 1190 καὶτοῦ
903 1130 932 1189 Γ
930 1128 1053 1211 αλιήνου
1072 1130 1156 1217 αύτῷ
1173 1132 1256 1195 ἀντι-

147 1224 317 1304 ταξαμένου
342 1227 408 1309 περὶ
436 1225 469 1290 τὸ
494 1228 622 1309 Σίρμιον
644 1227 722 1307 μετά
749 1234 811 1293 τιῦν
832 1228 1007 1295 άλλωνικαὶ
1034 1234 1258 1314 Μαυρουσίους

148 1328 344 1409 ἐπαγομένου,
376 1328 411 1390 οἳ
429 1326 489 1391 ιλπδ
513 1327 637 1411 Μήδων
659 1328 849 1414 κατάγεσθαι
876 1334 1028 1417 λέγονται,
1059 1333 1075 1399 δ
1102 1331 1257 1420 Ᾰῦρίολος
1317 1342 1319 1347 ’

16 1519 17 1524 ¹
106 1428 308 1514 λθὶππαρχεῦν
332 1434 472 1513 γενναίως
494 1432 572 1511 μετά
593 1439 654 1497 τῶν
677 1433 790 1498 ἱππέων
807 1434 1033 1519 ἀγωνισάμενος
1048 1440 1180 1515 πολλοῦς
1195 1447 1256 1504 τῶν
1303 1442 1304 1445 '

147 1531 186 1596 τδ
205 1529 369 1616 Ἰγγενούου
393 1531 587 1619 φρονούντων
609 1533 732 1601 διώλεσε
750 1540 800 1601 καί
818 1538 889 1614 τοῦς
906 1539 1029 1615 λοιπούς
1045 1541 1195 1625 ἐτρέψατο
1214 1545 1256 1618 είς

147 1632 257 1720 φυγήν,
284 1632 326 1711 ὥς
349 1637 399 1698 καί
424 1637 516 1701 αῦτδν
540 1638 592 1701 τδν
611 1638 775 1722 Ἰγγενοῦον
799 1639 920 1727 φεύγειν
942 1641 1135 1725 ἀπεγνωκότα
1153 1648 1203 1708 καί
1220 1648 1253 1709 ἐν
1270 1662 1305 1715 w
1318 1662 1407 1718 Ηυξ-36

146 1744 190 1826 τῷ
207 1736 327 1824 φεύγειν
343 1738 545 1821 ἀναιρεθῆναι
563 1741 647 1825 παρὰ
666 1749 726 1805 τιῦν
744 1742 928 1831 δορυφόρων
945 1746 1050 1809 αὐτοῦ.

249 1835 356 1916 Αῦθις
372 1833 425 1905 οῦν
438 1845 623 1922 Ποστοῦμος
638 1850 682 1929 τῷ
694 1847 725 1905 Γ
722 1845 836 1932 αλιήνῳ
853 1848 1058 1912 ἐπανίσταται.
1085 1850 1181 1912 παῖδα
1194 1848 1255 1933 γάρ
1339 1924 1344 1935 .

107 1954 140 2006 15
147 1942 224 2023 έχων
247 1941 263 2008 δ
288 1942 487 2030 αὐτοκράτωρ
510 1936 599 2020 οὗτος
615 1942 788 2027 ὁμώνυμον,
816 1947 912 2026 δεξιάν
930 1976 960 2015 τε
978 1954 1027 2015 καί
1046 1932 1253 2035 εὐπρόσωπον,
1270 1972 1292 2025 Ρ
1310 1970 1323 2023 1
1341 1968 1394 2023 632

146 2046 181 2109 δν
205 2049 254 2111 καί
279 2054 333 2125 τῆς
355 2049 513 2128 βασιλείας
529 2045 587 2129 είχε
607 2047 760 2131 διάδοχον,
783 2052 815 2115 ἐν
827 2052 1002 2141 Ἀγριππίνῃ
1021 2061 1058 2141 τῇ
1077 2053 1161 2118 πόλει
1179 2058 1255 2120 κατ-

146 2151 245 2228 έλιπε,
272 2161 341 2227 τοῖς·
359 2152 391 2211 Γ
388 2149 491 2230 άλλως
515 2148 575 2215 ῦπδ
600 2156 732 2216 Σκυθῶν
757 2156 982 2241 πορθουμένοις
1007 2154 1253 2241 ἐπικουρήσοντα.

70 2266 74 2269 ’
145 2243 171 2340 ᾧ
192 2254 246 2316 καί
266 2280 333 2317 τινα
352 2253 500 2332 Ἀλβανὸν
517 2256 697 2336 κεκλημένον
713 2258 862 2340 ἐπέστησε»
874 2259 926 2322 διά
942 2260 998 2341 τήν
1016 2257 1141 2341 νεότητα
1159 2259 1254 2323 αὐτοῦ

145 2361 201 2417 τοῦ
217 2356 294 2418 υἱοῦ.
319 2360 505 2436 Ποστοῦμος
523 2358 558 2417 δέ
574 2357 617 2430 είς
634 2360 774 2441 φυλακήν
791 2366 845 2423 τοῦ
858 2357 964 2441 Ῥήνου
982 2346 1123 2441 ποταμοῦ
1139 2362 1253 2436 ἐαθείς,

104 2454 224 2539 ἱλθιῦσγε
242 2452 368 2520 κωλύειν
383 2466 445 2531 τοῖς
461 2458 556 2540 πέριιν
573 2460 708 2523 οἰκοῦσιν
721 2458 894 2545 βαρβάροις
906 2462 960 2543 τήν
973 2466 1015 2537 είς
1029 2463 1085 2544 τήν
1094 2458 1253 2542 Ῥωμαίδα

141 2553 250 2642 χώραν
267 2555 420 2637 διάβασιν,
440 2563 577 2624 λαθοῦσί
590 2586 650 2625 τισι
667 2564 717 2624 καί
735 2564 861 2641 διαβᾶσι
877 2564 929 2626 τὸν
946 2546 1082 2645 ποταμὸν
1101 2566 1151 2627 καί
1170 2566 1252 2628 λείαν
1322 2562 1323 2567 ¹

144 2657 341 2745 ἐπαγομένοις
365 2660 479 2743 πολλήν
503 2663 535 2726 ἐν
558 2668 603 2749 τῷ
626 2664 776 2728 ἐπανιέναι
799 2665 941 2742 ἐπέθετο,
967 2669 1018 2729 καὶ
1042 2666 1174 2743 πολλοῦς
1196 2667 1254 2748 μέν

159 2864 165 2869 ⁸
214 2895 231 2946 2
249 2896 312 2961 post
325 2886 424 2963 γένους
440 2892 462 2944 Α
480 2888 531 2943 add
550 2884 643 2956 ἐκφύς.
744 2886 798 2958 γάρ
819 2909 859 2944 om
877 2894 934 2950 Bc,
1050 2892 1083 2949 17
1101 2887 1252 2962 ίπικουρή.

213 2976 300 3012 σαντα
316 2960 372 3025 AC,
389 2952 612 3026 ἐπικουρήσοντα
630 2960 699 3011 PW.
805 2960 838 3012 18
855 2956 993 3031 Ἅλβανδν]
1012 2960 1154 3033 Σιλβοινδν
1170 2962 1250 3017 Zosi-

213 3047 269 3083 mus
287 3029 300 3080 l
316 3030 361 3082 38.
466 3022 554 3081 αύτοῦ
570 3046 610 3081 om
627 3027 682 3084 AC.

245 3234 373 3287 Aureolus
396 3250 461 3288 vero
484 3252 517 3288 ex
539 3233 687 3304 provincia=
702 3234 799 3287 Getica
831 3233 884 3302 (sio
913 3233 982 3285 enim
1006 3232 1090 3286 Dacia
1120 3231 1249 3301 quondam

144 3302 301 3371 vocabatur)
319 3305 431 3357 obscuro
449 3320 546 3371 genere
563 3313 637 3355 ortus
654 3305 759 3371 (pastor
775 3302 844 3353 enim
861 3300 925 3370 luit)
951 3319 1008 3355 cum
1025 3320 1041 3355 s
1059 3302 1167 3354 lor-tuna
1187 3320 1248 3355 era-

144 3373 243 3424 hendus
261 3380 343 3435 esset,
368 3372 508 3436 militavit,
532 3378 612 3438 atque
629 3372 757 3423 industria
775 3380 932 3424 consecutus
950 3377 993 3423 est
1010 3381 1038 3424 ut
1055 3372 1118 3439 equi
1136 3371 1248 3439 impera·

142 3441 207 3493 torii
224 3456 288 3492 suae
304 3442 365 3492 lidei
385 3441 577 3493 mandarentur.
598 3456 663 3505 quos
681 3440 741 3506 quia
759 3439 893 3506 praeclare
910 3442 1053 3505 tractabat,
1072 3454 1149 3492 carus
1166 3440 1247 3492 habe-

142 3511 223 3562 batur
239 3510 401 3578 imperatori.
418 3510 513 3560 deinde
531 3524 587 3559 cum
600 3506 717 3558 Moesiae
734 3506 850 3574 legiones
868 3508 1010 3577 Ingenuum
1028 3526 1076 3578 per
1092 3507 1247 3562 seditionem

142 3578 176 3631 im
197 3585 325 3629 aratorem
342 3576 483 3643 dixissent,
507 3586 535 3627 et
551 3574 686 3627 Gallienus
704 3584 810 3643 praeter
826 3588 945 3631 caeteros
964 3579 1042 3629 etiarn
1060 3578 1168 3630 Mauros
1185 3580 1248 3645 (hos

143 3664 159 3698 a
214 3646 270 3696 edis
294 3655 456 3713 propagatos
481 3661 540 3696 esse
560 3644 648 3709 siunt)
678 3652 772 3695 contra
800 3662 856 3697 eum
881 3646 914 3697 ed
941 3646 1061 3698 Sirmium
1085 3645 1247 3714 adduxisset,

142 3715 270 3766 Aureolus
295 3712 420 3782 magister
445 3713 559 3781 equiturn
584 3722 691 3765 strenue
716 3712 879 3780 dimicando,
902 3714 989 3767 multis
1011 3714 1130 3767 hostibus
1153 3716 1247 3782 caesis,

141 3784 255 3849 reliquos
273 3782 410 3850 ipsumque
425 3782 567 3850 Ingenuum
585 3783 664 3833 rebus
681 3782 830 3850 desperatis
847 3784 873 3835 in
892 3785 980 3852 lugam
997 3782 1124 3846 coniecit3
1148 3783 1175 3836 in
1193 3799 1247 3852 qua

141 3868 156 3902 a
174 3851 230 3903 suis
245 3851 399 3903 satellitibus
417 3861 460 3904 est
476 3850 588 3903 occisos.
950 3914 955 3921 ι
1115 3860 1127 3871 “

244 3919 305 3972 Hoc
328 3920 423 3971 domito
444 3922 578 3972 Postumus
594 3926 690 3972 contra
706 3918 888 3987 imperatorem
907 3918 1023 3988 insurgit
1040 3918 1087 3971 tali
1103 3918 1137 3970 de
1156 3936 1244 3973 causa.

94 4045 101 4053 ,
140 3988 275 4041 Gallienus
291 3990 369 4041 tilium
388 3988 548 4054 Gallienum,
574 3988 762 4041 adolescentem
780 3988 912 4041 sollertem
936 3999 962 4041 et
988 3990 1144 4053 formosum,
1167 4004 1244 4055 quem

140 4056 243 4126 imperii
258 4074 435 4110 successorem
452 4058 617 4122 destinebat,
636 4058 662 4109 in
680 4058 747 4109 urhe
763 4056 909 4127 Agrippina
925 4058 1086 4127 reliquerat,
1106 4063 1134 4108 ut
1151 4056 1244 4122 Gallis,

140 4142 208 4194 quos
224 4128 341 4193 Scythae
358 4128 524 4195 premebant,
549 4143 622 4195 opem
643 4127 740 4189 ferret,
766 4126 869 4179 Albano
887 4127 987 4179 cuidam
1006 4132 1114 4195 propter
1131 4130 1245 4177 aetatem

140 4194 309 4251 commissum.
345 4196 483 4247 Postumus
506 4211 570 4261 vero
596 4195 628 4247 ad
651 4196 795 4248 custodiam
820 4196 904 4247 Rheni
927 4192 1041 4247 fluminis
1064 4193 1188 4257 relictus,
1215 4200 1245 4245 ut

138 4263 342 4316 transrhenanos
359 4266 486 4318 barbaros
503 4263 676 4319 Romanarum
696 4264 892 4334 provinciarum
914 4264 1061 4315 incursione
1083 4261 1244 4329 prohiberet,

139 4331 253 4385 transitu
270 4349 358 4385 eorum
376 4350 428 4386 non
446 4332 636 4402 animadverso,
652 4334 679 4386 io
697 4334 783 4386 reditu
801 4332 900 4404 praeda
918 4341 1026 4384 onustos
1043 4330 1161 4401 adortus,
1179 4331 1244 4384 mul·
1307 4357 1317 4379 t
