3134 4909
275 325 349 396 182
409 315 413 322 ’
630 320 804 388 loannis
829 319 1027 386 zonam

375 496 429 560 23.
482 496 591 560 Ταῦτα
606 500 651 582 τῷ
668 495 723 577 μὲν
737 492 857 582 Ἀννίβᾳ
872 490 1009 577 χρηστὴν
1024 487 1151 569 ἐλπίδα,
1177 496 1243 568 τοῖς
1258 488 1293 556 δέ
1305 487 1383 558 Ῥω-

272 599 376 684 μαίοις
392 596 493 681 δεινὴν
509 598 631 664 ἐνεποίει
648 593 826 684 ἐκφάβησιν.
877 598 948 679 διχῆ
965 594 1000 659 δέ
1015 594 1073 669 τδς
1089 589 1234 676 δυνάμεις
1257 594 1286 658 ni
1305 591 1383 661 ‘Pu-

272 712 362 786 μαῖοι
385 699 532 779 διελόντες
553 703 603 765 καί
629 701 700 777 τοῦς
721 696 875 776 ῦπάτους,
900 693 1099 782 Σεμπρώνιον
1122 697 1179 778 μὲν
1202 693 1330 782 Λόχγσν
1353 697 1396 774 ίς

274 804 416 870 Συειλίαν
431 801 582 888 ἐτεεμψαν,
603 804 634 878 ἐς
651 803 686 867 δέ
701 801 757 886 τὴν
770 800 905 887 Ἰβηρίαν
922 801 1078 865 Σκιπίωνα
1092 796 1266 864 Πούπλιον.
1315 796 1333 865 δ
1351 801 1386 865 δέ

270 906 409 989 Ἀννίβας
426 909 469 984 είς
484 907 540 989 τὴν
552 905 684 972 Ἰταλίαν
701 901 744 981 ὥς
760 901 890 987 τάχιστα
909 904 1070 984 ἐπιθυμοῦν
1086 903 1248 984 είσβαλεῒν,
1265 904 1410 989 σπουόῇ5

237 1026 261 1081 Β
278 1007 400 1095 ἐχάρει,
427 1011 478 1074 καὶ
495 1015 598 1074 πάσαν
613 1008 669 1092 τὴν
685 1008 842 1098 Γαλατίαν
857 1004 913 1089 τὴν
928 1004 1043 1088 μεταξδ
1061 1009 1118 1069 τοῦ
1134 1007 1315 1090 Πυρηνσίου
1335 1008 1388 1068 καλ

275 1116 332 1178 τοῦ
344 1109 491 1177 Ῥοδανοῦ
515 1103 612 1178 οὖσαν
630 1110 740 1192 άμαχεί
758 1111 880 1193 διῆλθε.
930 1111 981 1172 καί
998 1107 1087 1194 μέχρι
1104 1108 1161 1189 μὲν
1176 1115 1231 1173 τοῦ
1247 1112 1387 1189 ποταμοῦ

275 1221 331 1280 τοῦ
352 1211 502 1280 Ῥοδανοῦ
526 1213 625 1290 οὐδείς
651 1214 693 1288 εές
710 1221 817 1298 χεῖρας
839 1201 912 1295 ἧκεν
936 1211 1039 1299 αὐτῷ,
1065 1211 1130 1273 ἐκεῖ
1150 1209 1183 1274 δ’
1209 1206 1226 1275 δ
1252 1211 1387 1274 Σκιπίων

277 1311 431 1402 ἐπεφάνη,
456 1317 563 1403 καίπερ
580 1315 624 1400 μὴ
640 1311 799 1401 παρούσης
815 1314 899 1401 αὐτῷ
915 1319 971 1396 τῆς
990 1309 1159 1393 δυνάμεως.
1210 1310 1295 1394 ὅμως
1310 1311 1389 1393 μετδ

276 1423 338 1483 τῶν
356 1421 524 1504 ἐπιχωρίων
542 1421 593 1483 καὶ
610 1425 671 1484 τῶν
687 1417 791 1493 αιἰτοῒς
808 1416 979 1502 προσοίκων
1003 1412 1043 1480 τά
1065 1439 1097 1480 τε
1121 1418 1213 1480 πλοῖα
1239 1415 1278 1480 τά
1296 1414 1328 1478 ἐν
1344 1419 1430 1502 cailo

277 1527 408 1610 ποταμῷ
423 1521 659 1608 προδιίφθειρε,
691 1523 742 1584 καί
765 1517 801 1584 τδ
826 1517 924 1604 ῥεῦμα
944 1518 1040 1582 αιἰτοῦ
1058 1515 1117 1580 διά
1128 1521 1268 1602 φυλακῆς
1285 1515 1389 1600 ἐποιὴ-
1458 1579 1468 1592 ,

278 1646 364 1688 σατο.
416 1621 432 1687 d
457 1615 510 1688 οῦν
531 1623 670 1703 Ἀννίβας
694 1619 801 1706 ἐτριψε
825 1620 881 1701 μέν
904 1645 973 1685 τινα
992 1616 1105 1705 χρόνον
1131 1621 1182 1683 καί
1199 1620 1323 1702 σχεδίας
1339 1621 1390 1683 καί

278 1721 384 1809 σκάφη
409 1723 489 1787 ἄλλα
513 1725 619 1788 τεκαὶ
641 1719 797 1804 μονόξυλα
822 1719 1064 1801 κατασκευάζων,
1090 1719 1175 1807 δ’φθη
1199 1721 1234 1784 δ’
1258 1713 1313 1787 οῦν
1328 1717 1388 1786 ῦπδ

278 1827 473 1910 πολυχειρίας
494 1823 534 1889 τά
558 1825 635 1909 πρὸς
657 1825 823 1910 περαίωσιν
846 1823 998 1908 άναγκαῖα
1021 1820 1121 1887 πάντα
1127 1871 1139 1902 ,
1165 1825 1237 1904 πρὶν
1252 1830 1298 1912 τῷ
1313 1827 1390 1888 Σκι-

117 1971 125 1979 -
240 1927 367 1992 eatan
384 1929 419 1990 τὸ
437 1930 545 1992 alarios
563 1927 733 2015 ἀφικέσθαι
750 1923 944 2012 στράτευμα,
978 1924 1286 2013 προετοιμασάμενος.
1337 1927 1388 1991 καὶ
1396 1936 1431 1989 15

278 2028 483 2116 τδνάδελφδν
500 2033 645 2114 Μαγῦνα
669 2030 726 2094 σὺν
748 2038 813 2105 τοῖς
837 2029 959 2096 ἱππεῦσι
976 2032 1027 2094 καί
1043 2034 1149 2112 ψιλοῖς
1165 2053 1254 2108 τισιν,
1278 2020 1301 2116 ᾗ
1317 2053 1389 2094 σκε-

278 2127 423 2206 δάννυται
447 2128 463 2195 ὅ
489 2131 628 2214 ποταμδς
645 2133 692 2196 ἐπὶ
709 2130 788 2196 πσλδ
805 2133 856 2201 καὶ
873 2129 977 2216 νήσοις
994 2128 1255 2214 διαλαμβάνεται,
1278 2133 1389 2214 διαβη-

277 2229 406 2315 σόμενον
423 2232 568 2317 ἐπεμψεν,
587 2233 679 2311 αῦτδς
696 2235 729 2298 δέ
746 2232 825 2300 κατά
842 2234 895 2299 τόν
912 2235 1034 2321 ἐμφανῆ
1053 2231 1148 2319 πόρον
1161 2231 1267 2319 ἐχαόρει
1281 2237 1389 2317 δῆθεν,

275 2335 319 2402 ‘lv'
351 2335 380 2400 oi
404 2334 543 2401 Γαλάται
574 2335 777 2420 ἀπατηθεῖεν,
811 2337 889 2422 πρὸς
919 2335 1012 2402 αῦτδν
1041 2333 1303 2419 ἀντιταττόμενοι,
1339 2339 1390 2401 καί

278 2437 477 2528 άμελέστερον
494 2441 526 2504 ἐν
543 2436 649 2516 άλλσις
665 2446 720 2504 τοῦ
737 2445 881 2521 ποταμοῦ
896 2437 951 2523 τὴν
969 2439 1110 2525 φυλακὴν
1126 2444 1261 2504 θῶνται·
1295 2439 1312 2504 δ
1339 2441 1434 2504 actuo

277 2541 388 2625 γέγονε.
440 2544 491 2605 καί
509 2538 525 2606 ὃ
544 2542 667 2627 Μαγάν
685 2542 771 2625 διίβη
789 2541 843 2608 τὸν
858 2538 1007 2624 ποταμόν,
1034 2539 1050 2605 ὁ
1076 2543 1109 2605 δέ
1128 2541 1266 2625 Ἀννίβας
1288 2543 1339 2607 καὶ
1363 2543 1393 2608 oi

279 2645 346 2728 περὶ
366 2641 458 2707 adadu
475 2643 554 2708 κατά
571 2645 625 2708 τόν
641 2641 736 2729 πόρον
752 2645 957 2730 ἐπεραιοῦντο.
1010 2647 1061 2707 καί
1085 2641 1238 2729 γενόμενοι
1259 2643 1339 2710 κατά
1355 2644 1391 2712 τδ

347 2812 492 2938 impium
511 2819 545 2872 c.
599 2789 600 2794 ‘
649 2819 735 2874 aaa
752 2819 802 2872 aaa
818 2819 850 2872 ι.
955 2823 988 2875 11
1006 2814 1153 2889 arraona
1168 2822 1201 2873 c.
1309 2821 1341 2874 ιε
1358 2811 1391 2875 rt

380 2987 509 3042 Fon-rna.
546 2987 611 3058 Gap.
630 2987 673 3046 23.
711 2989 809 3042 Dinnis
832 2989 969 3043 Hiatoriu
994 2989 1134 3043 Romanae
1158 2989 1219 3042 libri
1245 2989 1392 3059 deperditi:

239 3105 241 3116 ‚
298 3071 300 3076 ’
346 3065 503 3126 ceramium
525 3059 686 3115 Vaticanum
702 3057 738 3113 72
754 3077 783 3128 p.
802 3059 863 3114 192.

378 3209 423 3264 23.
461 3211 535 3264 Haec
550 3213 642 3265 bonam
660 3228 734 3282 apem
748 3210 899 3279 Hannibali,
915 3212 1043 3265 Romania
1056 3227 1175 3280 magnum
1190 3211 1307 3264 timorem
1322 3218 1393 3264 attu-

276 3279 371 3332 lerunt.
396 3280 443 3348 qui
461 3281 543 3349 copiis
562 3291 590 3334 et
607 3281 755 3337 consulibua
772 3280 893 3332 bifariam
910 3280 1059 3335 distributis
1076 3279 1257 3349 Sempronium
1274 3278 1393 3348 Longum

276 3347 304 3399 in
322 3348 438 3400 Siciliam
461 3349 600 3415 miserunt,
626 3349 652 3401 in
671 3348 823 3419 Hispaniam
842 3351 872 3402 P.
890 3349 1050 3420 Scipionem.
1085 3347 1219 3402 Hannibal
1239 3365 1321 3415 vero,
1345 3349 1393 3399 im-

276 3417 420 3484 pressionis
438 3417 466 3470 in
482 3418 584 3472 ltaliam
601 3419 685 3488 primo
703 3436 810 3488 qnoque
826 3427 945 3487 tenpore
961 3417 1099 3472 faciendae
1121 3416 1248 3488 cupidus,
1272 3417 1326 3469 lter
1346 3433 1392 3481 ac-

278 3483 413 3553 celeravit,
431 3503 462 3538 ac
481 3488 594 3541 Galliam
611 3505 679 3558 quae
696 3490 768 3541 intra
781 3490 944 3556 Pyrenaeum
961 3496 990 3542 et
1001 3486 1158 3541 Rhodanum
1174 3493 1217 3538 eet
1233 3486 1302 3539 citra
1317 3484 1392 3538 dimi-

278 3553 407 3606 cationem
424 3556 549 3621 transiit,
574 3575 660 3641 nequa
677 3557 815 3626 quisquam
831 3574 890 3609 cun
908 3575 939 3609 eo
956 3573 1115 3625 congressus
1132 3563 1176 3610 est
1190 3557 1344 3626 priusquam
1360 3554 1394 3606 ad

277 3619 432 3676 Rhodanum
451 3627 578 3681 venisset.
612 3626 652 3680 rbi
676 3643 706 3678 ee
731 3625 770 3679 illi
795 3625 912 3679 ostendit
928 3627 1029 3696 Scipio.
1065 3625 1128 3694 qai,
1153 3642 1211 3677 cum
1229 3624 1286 3677 eiua
1304 3624 1394 3693 copiae
1462 3660 1469 3666 -

279 3689 391 3744 nondum
412 3693 596 3760 advenissent,
622 3705 709 3748 tamen
737 3713 794 3748 curn
820 3695 989 3764 popularibus
1011 3703 1152 3763 eorumque
1173 3693 1289 3747 finitimis
1312 3709 1395 3745 naves

278 3772 347 3824 quaa
365 3759 392 3811 in
410 3760 514 3814 flumine
532 3773 608 3817 erant
626 3765 761 3818 destruxit
777 3764 933 3832 ducumque
950 3763 1084 3819 custodiit.
1121 3763 1253 3818 Hannibal
1265 3761 1317 3815 etsi
1328 3769 1396 3814 tem-

276 3828 349 3894 poris
372 3829 472 3894 aliquid
495 3831 657 3886 inetruendis
673 3835 776 3886 ratibus
794 3833 900 3902 scaphis
917 3838 946 3885 et
961 3832 1084 3885 lintribus
1102 3832 1282 3901 consumpsit,
1306 3837 1395 3884 tamen

277 3897 364 3949 omnia
381 3897 414 3948 ad
433 3899 569 3953 traiectum
588 3903 738 3955 necessaria
747 3902 922 3960 multitidine
942 3918 1080 3970 opcnrum
1102 3904 1176 3971 priua
1194 3901 1301 3972 paravit
1317 3916 1395 3969 quan

277 3963 397 4034 Scipioni
421 3983 485 4019 suae
508 3969 625 4036 legiones
643 3970 824 4024 advenissent.
857 3972 967 4023 fratrem
986 3971 1123 4038 Magonem
1140 3987 1197 4024 can
1215 3969 1350 4037 equitibus
1366 3975 1396 4020 et

278 4033 402 4116 velitibus
415 4036 560 4118 nonnullis,
574 4056 629 4157 ραν
647 4039 726 4092 annis
744 4043 799 4092 lata
815 4041 950 4107 spargitur
966 4049 994 4091 et
1011 4039 1102 4093 insulis
1118 4039 1301 4107 distinguitur,
1319 4037 1395 4090 traii-

277 4119 340 4156 cure
357 4109 453 4155 ruant:
470 4104 536 4171 ipse
558 4123 573 4156 a
615 4109 724 4159 evidens
744 4107 840 4161 vadum
864 4107 1012 4173 contendit,
1039 4109 1158 4162 nimirum
1175 4115 1206 4160 ut
1223 4106 1310 4173 Galli,
1334 4107 1394 4158 dum

276 4171 331 4292 Ξφεί
349 4173 526 4240 obsisterent,
547 4175 709 4240 fallerentur,
727 4177 798 4228 etin
817 4175 878 4229 aliie
895 4177 960 4246 ripis
976 4177 1091 4232 fluminis
1108 4176 1286 4246 negligentius
1304 4183 1394 4228 canc-

295 4239 333 4294 ias
356 4242 495 4297 habereut.
530 4243 622 4314 itaqua
643 4244 764 4313 contigit.
799 4245 881 4314 Mago
906 4246 974 4299 euim
996 4264 1054 4300 curu
1076 4246 1172 4300 durnen
1197 4245 1397 4308 munuum,

230 4331 233 4338 ·
276 4307 410 4364 Hannibal
427 4327 484 4363 cum
502 4313 557 4366 suis
575 4314 668 4368 vadunt
687 4313 840 4382 ingressus,
857 4315 902 4369 ubi
918 4314 952 4368 ad
971 4317 1083 4369 medinm
1100 4315 1237 4384 pervenit,
1256 4315 1396 4368 clamoren
