<?xml version="1.0" encoding="UTF-8"?>
<!DOCTYPE html PUBLIC "-//W3C//DTD XHTML 1.0 Transitional//EN"
    "http://www.w3.org/TR/xhtml1/DTD/xhtml1-transitional.dtd">
<html xmlns="http://www.w3.org/1999/xhtml" xml:lang="en" lang="en">
 <head>
  <title>
</title>
<meta http-equiv="Content-Type" content="text/html;charset=utf-8" />
  <meta name='ocr-system' content='tesseract 3.04.00' />
  <meta name='ocr-capabilities' content='ocr_page ocr_carea ocr_par ocr_line ocrx_word'/>
</head>
<body>
  <div class='ocr_page' id='page_1' title='image "./corpusscriptoru42theogoog/corpusscriptoru42theogoog_0347.png"; bbox 0 0 3134 4909; ppageno 0'>
   <div class='ocr_carea' id='block_1_1' title="bbox 586 260 1434 377">
    <p class='ocr_par' dir='ltr' id='par_1_1' title="bbox 586 260 1434 377">
     <span class='ocr_line' id='line_1_1' title="bbox 586 260 1434 377; baseline 0.007 -7"><span class='ocrx_word' id='word_1_1' title='bbox 586 304 798 373; x_wconf 79' lang='grc' dir='ltr'><strong><em>ιαοιιιοιι</em></strong></span> <span class='ocrx_word' id='word_1_2' title='bbox 822 307 856 373; x_wconf 87' lang='lat' dir='ltr'>x</span> <span class='ocrx_word' id='word_1_3' title='bbox 879 308 929 375; x_wconf 83' lang='lat' dir='ltr'><strong><em>n.</em></strong></span> <span class='ocrx_word' id='word_1_4' title='bbox 1238 304 1313 377; x_wconf 72' lang='lat' dir='ltr'><strong><em>aas</em></strong></span> <span class='ocrx_word' id='word_1_5' title='bbox 1412 260 1434 305; x_wconf 67' lang='lat'>³</span> 
     </span>
    </p>
   </div>
   <div class='ocr_carea' id='block_1_2' title="bbox 92 469 1455 2619">
    <p class='ocr_par' dir='ltr' id='par_1_2' title="bbox 202 469 1455 874">
     <span class='ocr_line' id='line_1_2' title="bbox 309 469 1315 566; baseline 0 -24"><span class='ocrx_word' id='word_1_6' title='bbox 309 476 359 542; x_wconf 73' lang='lat'><strong><em>12.</em></strong></span> <span class='ocrx_word' id='word_1_7' title='bbox 408 476 445 543; x_wconf 86' lang='lat' dir='ltr'><strong><em>‘O</em></strong></span> <span class='ocrx_word' id='word_1_8' title='bbox 460 478 516 559; x_wconf 79' lang='grc' dir='ltr'><strong><em>μίν</em></strong></span> <span class='ocrx_word' id='word_1_9' title='bbox 533 469 587 542; x_wconf 85' lang='grc' dir='ltr'><strong><em>σύν</em></strong></span> <span class='ocrx_word' id='word_1_10' title='bbox 605 480 636 540; x_wconf 93' lang='grc' dir='ltr'>Γ</span> <span class='ocrx_word' id='word_1_11' title='bbox 633 476 699 553; x_wconf 83' lang='grc' dir='ltr'><strong><em>ἀῖος</em></strong></span> <span class='ocrx_word' id='word_1_12' title='bbox 718 477 844 555; x_wconf 78' lang='grc' dir='ltr'><strong><em>’ίούλιος</em></strong></span> <span class='ocrx_word' id='word_1_13' title='bbox 862 482 985 564; x_wconf 80' lang='grc' dir='ltr'><strong><em>Καῖσαρ</em></strong></span> <span class='ocrx_word' id='word_1_14' title='bbox 1004 478 1100 555; x_wconf 87' lang='grc' dir='ltr'><strong><em>ούτιος</em></strong></span> <span class='ocrx_word' id='word_1_15' title='bbox 1115 472 1176 542; x_wconf 75' lang='grc' dir='ltr'><strong><em>ἀπὸ</em></strong></span> <span class='ocrx_word' id='word_1_16' title='bbox 1196 486 1315 566; x_wconf 69' lang='grc' dir='ltr'><strong><em>φιλοτι-</em></strong></span> 
     </span>
     <span class='ocr_line' id='line_1_3' title="bbox 202 578 1316 669; baseline 0.002 -26"><span class='ocrx_word' id='word_1_17' title='bbox 202 582 276 662; x_wconf 81' lang='grc' dir='ltr'><strong><em>μίας</em></strong></span> <span class='ocrx_word' id='word_1_18' title='bbox 293 584 343 644; x_wconf 80' lang='grc' dir='ltr'><strong><em>καὶ</em></strong></span> <span class='ocrx_word' id='word_1_19' title='bbox 361 585 524 665; x_wconf 73' lang='grc' dir='ltr'><strong><em>φιλαρχίας</em></strong></span> <span class='ocrx_word' id='word_1_20' title='bbox 541 579 688 645; x_wconf 80' lang='grc' dir='ltr'><strong><em>ἀπώλετο.</em></strong></span> <span class='ocrx_word' id='word_1_21' title='bbox 732 581 761 643; x_wconf 81' lang='grc' dir='ltr'><strong><em>οἳ</em></strong></span> <span class='ocrx_word' id='word_1_22' title='bbox 777 581 836 665; x_wconf 77' lang='grc' dir='ltr'><strong><em>γὰρ</em></strong></span> <span class='ocrx_word' id='word_1_23' title='bbox 854 580 1046 659; x_wconf 70' lang='grc' dir='ltr'><strong><em>θωπεύοντες</em></strong></span> <span class='ocrx_word' id='word_1_24' title='bbox 1063 581 1155 647; x_wconf 86' lang='grc' dir='ltr'><strong><em>αύτδν</em></strong></span> <span class='ocrx_word' id='word_1_25' title='bbox 1172 580 1206 645; x_wconf 77' lang='lat' dir='ltr'><strong>cd</strong></span> <span class='ocrx_word' id='word_1_26' title='bbox 1225 578 1316 669; x_wconf 82' lang='grc' dir='ltr'><strong><em>φιλό-</em></strong></span> 
     </span>
     <span class='ocr_line' id='line_1_4' title="bbox 204 671 1313 770; baseline 0.001 -25"><span class='ocrx_word' id='word_1_27' title='bbox 204 671 326 767; x_wconf 83' lang='grc' dir='ltr'><strong><em>πριοτον</em></strong></span> <span class='ocrx_word' id='word_1_28' title='bbox 343 683 439 747; x_wconf 82' lang='grc' dir='ltr'><strong><em>αύτού</em></strong></span> <span class='ocrx_word' id='word_1_29' title='bbox 455 687 505 747; x_wconf 74' lang='grc' dir='ltr'><strong><em>καί</em></strong></span> <span class='ocrx_word' id='word_1_30' title='bbox 523 682 688 770; x_wconf 73' lang='grc' dir='ltr'><strong><em>φιλόδοξον</em></strong></span> <span class='ocrx_word' id='word_1_31' title='bbox 704 691 922 761; x_wconf 76' lang='grc' dir='ltr'><strong><em>κατανοοῦντες</em></strong></span> <span class='ocrx_word' id='word_1_32' title='bbox 939 686 994 749; x_wconf 85' lang='grc' dir='ltr'><strong><em>ούκ</em></strong></span> <span class='ocrx_word' id='word_1_33' title='bbox 1012 683 1160 751; x_wconf 74' lang='grc' dir='ltr'><strong><em>ίπαύοντο</em></strong></span> <span class='ocrx_word' id='word_1_34' title='bbox 1176 682 1255 748; x_wconf 83' lang='grc' dir='ltr'><strong><em>ἀλλα</em></strong></span> <span class='ocrx_word' id='word_1_35' title='bbox 1270 684 1313 747; x_wconf 72' lang='grc' dir='ltr'><strong><em>ἐπ’</em></strong></span> 
     </span>
     <span class='ocr_line' id='line_1_5' title="bbox 205 777 1455 874; baseline -0.002 -25"><span class='ocrx_word' id='word_1_36' title='bbox 205 786 310 860; x_wconf 88' lang='grc' dir='ltr'><strong><em>ἀλλοις</em></strong></span> <span class='ocrx_word' id='word_1_37' title='bbox 334 786 418 873; x_wconf 75' lang='grc' dir='ltr'><strong><em>αύτῷ</em></strong></span> <span class='ocrx_word' id='word_1_38' title='bbox 438 786 652 873; x_wconf 76' lang='grc' dir='ltr'><strong><em>ψηφιζόμενοι.</em></strong></span> <span class='ocrx_word' id='word_1_39' title='bbox 702 777 782 868; x_wconf 78' lang='grc' dir='ltr'><strong><em>ἦσαν</em></strong></span> <span class='ocrx_word' id='word_1_40' title='bbox 801 788 833 851; x_wconf 79' lang='grc' dir='ltr'><strong><em>δὲ</em></strong></span> <span class='ocrx_word' id='word_1_41' title='bbox 851 794 976 852; x_wconf 83' lang='grc' dir='ltr'><strong><em>τοιαῦτα</em></strong></span> <span class='ocrx_word' id='word_1_42' title='bbox 994 788 1014 851; x_wconf 85' lang='grc' dir='ltr'><strong><em>ἀ</em></strong></span> <span class='ocrx_word' id='word_1_43' title='bbox 1032 790 1216 874; x_wconf 70' lang='grc' dir='ltr'><strong><em>ἐψηφίζοντο</em></strong></span> <span class='ocrx_word' id='word_1_44' title='bbox 1223 834 1233 865; x_wconf 99' lang='grc'><strong><em>,</em></strong></span> <span class='ocrx_word' id='word_1_45' title='bbox 1259 786 1314 869; x_wconf 82' lang='grc' dir='ltr'><strong><em>τὴν</em></strong></span> <span class='ocrx_word' id='word_1_46' title='bbox 1330 794 1352 847; x_wconf 87' lang='grc' dir='ltr'><strong>Ρ</strong></span> <span class='ocrx_word' id='word_1_47' title='bbox 1373 794 1384 845; x_wconf 87' lang='grc' dir='ltr'>Ι</span> <span class='ocrx_word' id='word_1_48' title='bbox 1401 790 1455 846; x_wconf 70' lang='grc' dir='ltr'><strong><em>λθλ</em></strong></span> 
     </span>
    </p>

    <p class='ocr_par' dir='ltr' id='par_1_3' title="bbox 178 890 1314 979">
     <span class='ocr_line' id='line_1_6' title="bbox 178 890 1314 979; baseline 0.003 -28"><span class='ocrx_word' id='word_1_49' title='bbox 178 890 345 959; x_wconf 65' lang='lat' dir='ltr'><strong>adnavimus</strong></span> <span class='ocrx_word' id='word_1_50' title='bbox 363 890 473 971; x_wconf 75' lang='grc' dir='ltr'><strong><em>στολὴν</em></strong></span> <span class='ocrx_word' id='word_1_51' title='bbox 491 891 537 955; x_wconf 79' lang='grc' dir='ltr'><strong><em>ἀεὶ</em></strong></span> <span class='ocrx_word' id='word_1_52' title='bbox 555 900 670 975; x_wconf 77' lang='grc' dir='ltr'><strong><em>φορεῖν,</em></strong></span> <span class='ocrx_word' id='word_1_53' title='bbox 696 892 747 952; x_wconf 74' lang='grc' dir='ltr'><strong><em>καὶ</em></strong></span> <span class='ocrx_word' id='word_1_54' title='bbox 774 891 822 953; x_wconf 65' lang='lat' dir='ltr'><strong><em>inl</em></strong></span> <span class='ocrx_word' id='word_1_55' title='bbox 840 896 896 953; x_wconf 83' lang='grc' dir='ltr'><strong><em>τοῦ</em></strong></span> <span class='ocrx_word' id='word_1_56' title='bbox 913 890 1039 975; x_wconf 78' lang='grc' dir='ltr'><strong><em>ἀρχικοῦ</em></strong></span> <span class='ocrx_word' id='word_1_57' title='bbox 1053 893 1169 979; x_wconf 77' lang='grc' dir='ltr'><strong><em>δίφρον</em></strong></span> <span class='ocrx_word' id='word_1_58' title='bbox 1188 890 1285 969; x_wconf 83' lang='grc' dir='ltr'><strong><em>καθίζ</em></strong></span> <span class='ocrx_word' id='word_1_59' title='bbox 1299 928 1314 941; x_wconf 92' lang='grc'><strong>-</strong></span> 
     </span>
    </p>

    <p class='ocr_par' dir='ltr' id='par_1_4' title="bbox 92 989 1317 1387">
     <span class='ocr_line' id='line_1_7' title="bbox 92 989 1316 1082; baseline 0.002 -28"><span class='ocrx_word' id='word_1_60' title='bbox 92 1073 100 1082; x_wconf 22' lang='grc' dir='ltr'>ι</span> <span class='ocrx_word' id='word_1_61' title='bbox 205 998 300 1068; x_wconf 91' lang='grc' dir='ltr'><strong><em>σθαι,</em></strong></span> <span class='ocrx_word' id='word_1_62' title='bbox 325 1001 388 1067; x_wconf 76' lang='grc' dir='ltr'><strong><em>τοῖς</em></strong></span> <span class='ocrx_word' id='word_1_63' title='bbox 405 1016 436 1056; x_wconf 90' lang='grc' dir='ltr'><strong><em>τε</em></strong></span> <span class='ocrx_word' id='word_1_64' title='bbox 453 989 637 1077; x_wconf 74' lang='grc' dir='ltr'><strong><em>ῥαβδούχοις</em></strong></span> <span class='ocrx_word' id='word_1_65' title='bbox 655 996 908 1077; x_wconf 74' lang='grc' dir='ltr'><strong><em>δαφνηφοροῦσιν</em></strong></span> <span class='ocrx_word' id='word_1_66' title='bbox 926 994 971 1057; x_wconf 74' lang='grc' dir='ltr'><strong><em>ἀεὶ</em></strong></span> <span class='ocrx_word' id='word_1_67' title='bbox 989 998 1177 1077; x_wconf 79' lang='grc' dir='ltr'><strong><em>κεχρῆσθαι,</em></strong></span> <span class='ocrx_word' id='word_1_68' title='bbox 1200 994 1316 1077; x_wconf 85' lang='grc' dir='ltr'><strong><em>πατίρα</em></strong></span> 
     </span>
     <span class='ocr_line' id='line_1_8' title="bbox 206 1092 1313 1180; baseline 0.001 -23"><span class='ocrx_word' id='word_1_69' title='bbox 206 1120 237 1158; x_wconf 87' lang='grc' dir='ltr'><strong><em>τε</em></strong></span> <span class='ocrx_word' id='word_1_70' title='bbox 258 1093 350 1157; x_wconf 80' lang='grc' dir='ltr'><strong><em>αὐτὸν</em></strong></span> <span class='ocrx_word' id='word_1_71' title='bbox 367 1102 421 1177; x_wconf 81' lang='grc' dir='ltr'><strong><em>τῆς</em></strong></span> <span class='ocrx_word' id='word_1_72' title='bbox 438 1097 584 1180; x_wconf 91' lang='grc' dir='ltr'><strong><em>πατρίδος</em></strong></span> <span class='ocrx_word' id='word_1_73' title='bbox 601 1092 863 1174; x_wconf 66' lang='grc' dir='ltr'><strong><em>ἐπονομάζεσθαι,</em></strong></span> <span class='ocrx_word' id='word_1_74' title='bbox 890 1098 940 1158; x_wconf 78' lang='grc' dir='ltr'><strong><em>καὶ</em></strong></span> <span class='ocrx_word' id='word_1_75' title='bbox 964 1098 995 1170; x_wconf 66' lang='lat' dir='ltr'><strong><em>ig</em></strong></span> <span class='ocrx_word' id='word_1_76' title='bbox 1019 1096 1053 1159; x_wconf 87' lang='grc' dir='ltr'><strong><em>τὸ</em></strong></span> <span class='ocrx_word' id='word_1_77' title='bbox 1073 1092 1207 1178; x_wconf 87' lang='grc' dir='ltr'><strong><em>νόμισμα</em></strong></span> <span class='ocrx_word' id='word_1_78' title='bbox 1224 1097 1313 1179; x_wconf 68' lang='grc' dir='ltr'><strong><em>ἔγχα-</em></strong></span> 
     </span>
     <span class='ocr_line' id='line_1_9' title="bbox 207 1194 1317 1286; baseline 0 -25"><span class='ocrx_word' id='word_1_79' title='bbox 207 1194 393 1282; x_wconf 86' lang='grc' dir='ltr'><strong><em>ράττεσθαι,</em></strong></span> <span class='ocrx_word' id='word_1_80' title='bbox 429 1199 562 1286; x_wconf 74' lang='grc' dir='ltr'><strong><em>δημοσία</em></strong></span> <span class='ocrx_word' id='word_1_81' title='bbox 584 1222 616 1261; x_wconf 86' lang='grc' dir='ltr'><strong><em>τε</em></strong></span> <span class='ocrx_word' id='word_1_82' title='bbox 640 1194 791 1277; x_wconf 73' lang='grc' dir='ltr'><strong><em>ἑορτάζειν</em></strong></span> <span class='ocrx_word' id='word_1_83' title='bbox 817 1198 912 1262; x_wconf 83' lang='grc' dir='ltr'><strong><em>αύτοῦ</em></strong></span> <span class='ocrx_word' id='word_1_84' title='bbox 939 1198 977 1262; x_wconf 83' lang='grc' dir='ltr'><strong><em>τοὶ</em></strong></span> <span class='ocrx_word' id='word_1_85' title='bbox 1003 1198 1163 1281; x_wconf 76' lang='grc' dir='ltr'><strong><em>γενίθλια,</em></strong></span> <span class='ocrx_word' id='word_1_86' title='bbox 1199 1200 1230 1261; x_wconf 85' lang='grc' dir='ltr'><strong><em>ίν</em></strong></span> <span class='ocrx_word' id='word_1_87' title='bbox 1254 1208 1317 1273; x_wconf 84' lang='grc' dir='ltr'><strong><em>τοῖς</em></strong></span> 
     </span>
     <span class='ocr_line' id='line_1_10' title="bbox 205 1296 1317 1387; baseline 0.004 -26"><span class='ocrx_word' id='word_1_88' title='bbox 205 1310 292 1374; x_wconf 79' lang='grc' dir='ltr'><strong><em>ναοῖς</em></strong></span> <span class='ocrx_word' id='word_1_89' title='bbox 307 1325 338 1363; x_wconf 89' lang='grc' dir='ltr'><strong><em>τε</em></strong></span> <span class='ocrx_word' id='word_1_90' title='bbox 356 1307 411 1381; x_wconf 84' lang='grc' dir='ltr'><strong><em>τῆς</em></strong></span> <span class='ocrx_word' id='word_1_91' title='bbox 423 1296 543 1381; x_wconf 81' lang='grc' dir='ltr'><strong><em>Ῥώμης</em></strong></span> <span class='ocrx_word' id='word_1_92' title='bbox 559 1302 609 1363; x_wconf 82' lang='grc' dir='ltr'><strong><em>καί</em></strong></span> <span class='ocrx_word' id='word_1_93' title='bbox 627 1301 658 1363; x_wconf 81' lang='grc' dir='ltr'><strong><em>ίν</em></strong></span> <span class='ocrx_word' id='word_1_94' title='bbox 675 1296 787 1375; x_wconf 83' lang='grc' dir='ltr'><strong><em>πόσαις</em></strong></span> <span class='ocrx_word' id='word_1_95' title='bbox 803 1310 869 1375; x_wconf 78' lang='grc' dir='ltr'><strong><em>τοῖς</em></strong></span> <span class='ocrx_word' id='word_1_96' title='bbox 887 1298 1008 1365; x_wconf 86' lang='grc' dir='ltr'><strong><em>πόλεσιν</em></strong></span> <span class='ocrx_word' id='word_1_97' title='bbox 1026 1298 1208 1387; x_wconf 75' lang='grc' dir='ltr'><strong><em>ἀνδριάντας</em></strong></span> <span class='ocrx_word' id='word_1_98' title='bbox 1221 1300 1317 1365; x_wconf 77' lang='grc' dir='ltr'><strong><em>αὐτοῦ</em></strong></span> 
     </span>
    </p>

    <p class='ocr_par' dir='ltr' id='par_1_5' title="bbox 164 1398 1316 1487">
     <span class='ocr_line' id='line_1_11' title="bbox 164 1398 1316 1487; baseline 0.001 -21"><span class='ocrx_word' id='word_1_99' title='bbox 164 1406 365 1473; x_wconf 74' lang='grc' dir='ltr'><strong><em>ιοίστασθαι.</em></strong></span> <span class='ocrx_word' id='word_1_100' title='bbox 418 1404 466 1465; x_wconf 78' lang='grc' dir='ltr'><strong><em>ἐπὶ</em></strong></span> <span class='ocrx_word' id='word_1_101' title='bbox 491 1404 526 1466; x_wconf 81' lang='grc' dir='ltr'><strong><em>δέ</em></strong></span> <span class='ocrx_word' id='word_1_102' title='bbox 547 1428 580 1486; x_wconf 81' lang='grc' dir='ltr'><strong><em>γε</em></strong></span> <span class='ocrx_word' id='word_1_103' title='bbox 606 1408 661 1463; x_wconf 82' lang='grc' dir='ltr'><strong><em>τοῦ</em></strong></span> <span class='ocrx_word' id='word_1_104' title='bbox 682 1398 822 1481; x_wconf 76' lang='grc' dir='ltr'><strong><em>βήματος</em></strong></span> <span class='ocrx_word' id='word_1_105' title='bbox 840 1399 894 1466; x_wconf 85' lang='grc' dir='ltr'><strong><em>δύο</em></strong></span> <span class='ocrx_word' id='word_1_106' title='bbox 915 1404 1009 1468; x_wconf 78' lang='grc' dir='ltr'><strong><em>αὐτοῦ</em></strong></span> <span class='ocrx_word' id='word_1_107' title='bbox 1027 1402 1211 1485; x_wconf 77' lang='grc' dir='ltr'><strong><em>ἀνδριάντας</em></strong></span> <span class='ocrx_word' id='word_1_108' title='bbox 1229 1400 1316 1487; x_wconf 73' lang='grc' dir='ltr'><strong><em>ἱδρύ-</em></strong></span> 
     </span>
    </p>

    <p class='ocr_par' dir='ltr' id='par_1_6' title="bbox 152 1501 1434 1899">
     <span class='ocr_line' id='line_1_12' title="bbox 152 1501 1317 1589; baseline -0.003 -19"><span class='ocrx_word' id='word_1_109' title='bbox 152 1549 155 1554; x_wconf 60' lang='lat'>&lt;</span> <span class='ocrx_word' id='word_1_110' title='bbox 207 1529 309 1581; x_wconf 90' lang='grc' dir='ltr'><strong><em>σαντο,</em></strong></span> <span class='ocrx_word' id='word_1_111' title='bbox 327 1504 380 1567; x_wconf 80' lang='grc' dir='ltr'><strong><em>τόν</em></strong></span> <span class='ocrx_word' id='word_1_112' title='bbox 395 1506 452 1585; x_wconf 75' lang='grc' dir='ltr'><strong><em>μὲν</em></strong></span> <span class='ocrx_word' id='word_1_113' title='bbox 468 1501 512 1579; x_wconf 79' lang='grc' dir='ltr'><strong><em>ὥς</em></strong></span> <span class='ocrx_word' id='word_1_114' title='bbox 527 1505 600 1580; x_wconf 85' lang='grc' dir='ltr'><strong><em>τούς</em></strong></span> <span class='ocrx_word' id='word_1_115' title='bbox 616 1506 742 1578; x_wconf 75' lang='grc' dir='ltr'><strong><em>πολίτας</em></strong></span> <span class='ocrx_word' id='word_1_116' title='bbox 759 1502 942 1582; x_wconf 84' lang='grc' dir='ltr'><strong><em>σεοαικότος,</em></strong></span> <span class='ocrx_word' id='word_1_117' title='bbox 960 1506 1013 1570; x_wconf 85' lang='grc' dir='ltr'><strong><em>τὸν</em></strong></span> <span class='ocrx_word' id='word_1_118' title='bbox 1031 1508 1062 1569; x_wconf 76' lang='grc' dir='ltr'><strong><em>δ’</em></strong></span> <span class='ocrx_word' id='word_1_119' title='bbox 1083 1503 1124 1581; x_wconf 77' lang='grc' dir='ltr'><strong><em>ὡς</em></strong></span> <span class='ocrx_word' id='word_1_120' title='bbox 1142 1509 1174 1571; x_wconf 70' lang='lat' dir='ltr'><strong><em>ix</em></strong></span> <span class='ocrx_word' id='word_1_121' title='bbox 1191 1512 1317 1589; x_wconf 87' lang='grc' dir='ltr'><strong><em>πολιορ-</em></strong></span> 
     </span>
     <span class='ocr_line' id='line_1_13' title="bbox 206 1604 1319 1694; baseline 0 -23"><span class='ocrx_word' id='word_1_122' title='bbox 206 1610 273 1683; x_wconf 91' lang='grc' dir='ltr'><strong><em>κίας</em></strong></span> <span class='ocrx_word' id='word_1_123' title='bbox 290 1605 461 1693; x_wconf 81' lang='grc' dir='ltr'><strong><em>ῥοσαμίνοο</em></strong></span> <span class='ocrx_word' id='word_1_124' title='bbox 479 1606 534 1689; x_wconf 77' lang='grc' dir='ltr'><strong><em>τὴν</em></strong></span> <span class='ocrx_word' id='word_1_125' title='bbox 550 1604 656 1671; x_wconf 88' lang='grc' dir='ltr'><strong><em>πόλιν·</em></strong></span> <span class='ocrx_word' id='word_1_126' title='bbox 683 1606 892 1691; x_wconf 78' lang='grc' dir='ltr'><strong><em>ίστεφάναιντο</em></strong></span> <span class='ocrx_word' id='word_1_127' title='bbox 919 1610 952 1671; x_wconf 75' lang='grc' dir='ltr'><strong><em>δὲ</em></strong></span> <span class='ocrx_word' id='word_1_128' title='bbox 976 1612 1027 1671; x_wconf 80' lang='grc' dir='ltr'><strong><em>καί</em></strong></span> <span class='ocrx_word' id='word_1_129' title='bbox 1045 1606 1140 1694; x_wconf 74' lang='grc' dir='ltr'><strong><em>ἀμηω</em></strong></span> <span class='ocrx_word' id='word_1_130' title='bbox 1157 1606 1319 1693; x_wconf 86' lang='grc' dir='ltr'><strong><em>στεφάνοις</em></strong></span> 
     </span>
     <span class='ocr_line' id='line_1_14' title="bbox 205 1702 1356 1794; baseline -0.001 -20"><span class='ocrx_word' id='word_1_131' title='bbox 205 1702 269 1786; x_wconf 75' lang='grc' dir='ltr'><strong><em>τοῖς</em></strong></span> <span class='ocrx_word' id='word_1_132' title='bbox 285 1712 332 1773; x_wconf 79' lang='lat' dir='ltr'><strong>lui</strong></span> <span class='ocrx_word' id='word_1_133' title='bbox 350 1706 500 1785; x_wconf 89' lang='grc' dir='ltr'><strong><em>τοιούτοις</em></strong></span> <span class='ocrx_word' id='word_1_134' title='bbox 518 1710 750 1791; x_wconf 85' lang='grc' dir='ltr'><strong><em>νενομισμίνοις.</em></strong></span> <span class='ocrx_word' id='word_1_135' title='bbox 793 1708 1011 1794; x_wconf 82' lang='grc' dir='ltr'><strong><em>βουλευτήριόν</em></strong></span> <span class='ocrx_word' id='word_1_136' title='bbox 1028 1736 1060 1775; x_wconf 89' lang='grc' dir='ltr'><strong><em>τε</em></strong></span> <span class='ocrx_word' id='word_1_137' title='bbox 1077 1710 1180 1775; x_wconf 88' lang='grc' dir='ltr'><strong><em>καινὸν</em></strong></span> <span class='ocrx_word' id='word_1_138' title='bbox 1197 1713 1317 1776; x_wconf 78' lang='grc' dir='ltr'><strong><em>οἰκοδο·</em></strong></span> <span class='ocrx_word' id='word_1_139' title='bbox 1334 1722 1356 1773; x_wconf 82' lang='grc' dir='ltr'><strong>Β</strong></span> 
     </span>
     <span class='ocr_line' id='line_1_15' title="bbox 208 1808 1434 1899; baseline 0 -24"><span class='ocrx_word' id='word_1_140' title='bbox 208 1818 348 1895; x_wconf 81' lang='grc' dir='ltr'><strong><em>μηθῇναι</em></strong></span> <span class='ocrx_word' id='word_1_141' title='bbox 366 1813 521 1889; x_wconf 80' lang='grc' dir='ltr'><strong><em>ίπίταξαν,</em></strong></span> <span class='ocrx_word' id='word_1_142' title='bbox 545 1812 591 1875; x_wconf 73' lang='grc' dir='ltr'><strong><em>’ἶν’</em></strong></span> <span class='ocrx_word' id='word_1_143' title='bbox 614 1808 778 1875; x_wconf 77' lang='grc' dir='ltr'><strong><em>’ίοολιανδν</em></strong></span> <span class='ocrx_word' id='word_1_144' title='bbox 795 1814 842 1875; x_wconf 77' lang='grc' dir='ltr'><strong><em>ἐπί</em></strong></span> <span class='ocrx_word' id='word_1_145' title='bbox 861 1818 903 1899; x_wconf 78' lang='grc' dir='ltr'><strong><em>τῷ</em></strong></span> <span class='ocrx_word' id='word_1_146' title='bbox 922 1814 1018 1877; x_wconf 75' lang='grc' dir='ltr'><strong><em>αι’τοιῖ</em></strong></span> <span class='ocrx_word' id='word_1_147' title='bbox 1034 1814 1162 1895; x_wconf 87' lang='grc' dir='ltr'><strong><em>κληθείη</em></strong></span> <span class='ocrx_word' id='word_1_148' title='bbox 1180 1810 1318 1896; x_wconf 83' lang='grc' dir='ltr'><strong><em>ὀνόματι.</em></strong></span> <span class='ocrx_word' id='word_1_149' title='bbox 1432 1840 1434 1843; x_wconf 73' lang='grc'><strong>’</strong></span> 
     </span>
    </p>

    <p class='ocr_par' dir='ltr' id='par_1_7' title="bbox 165 1912 1319 2107">
     <span class='ocr_line' id='line_1_16' title="bbox 165 1912 1319 2002; baseline 0 -23"><span class='ocrx_word' id='word_1_150' title='bbox 165 1912 338 1997; x_wconf 66' lang='grc' dir='ltr'><strong><em>ιοτιμητήν</em></strong></span> <span class='ocrx_word' id='word_1_151' title='bbox 355 1938 386 1979; x_wconf 88' lang='grc' dir='ltr'><strong><em>τε</em></strong></span> <span class='ocrx_word' id='word_1_152' title='bbox 404 1916 454 1977; x_wconf 83' lang='grc' dir='ltr'><strong><em>καὶ</em></strong></span> <span class='ocrx_word' id='word_1_153' title='bbox 474 1915 525 1978; x_wconf 88' lang='grc' dir='ltr'><strong><em>διά</em></strong></span> <span class='ocrx_word' id='word_1_154' title='bbox 542 1916 612 1994; x_wconf 85' lang='grc' dir='ltr'><strong><em>βίον</em></strong></span> <span class='ocrx_word' id='word_1_155' title='bbox 630 1918 681 1978; x_wconf 84' lang='grc' dir='ltr'><strong><em>καλ</em></strong></span> <span class='ocrx_word' id='word_1_156' title='bbox 696 1912 792 1993; x_wconf 90' lang='grc' dir='ltr'><strong><em>μόνον</em></strong></span> <span class='ocrx_word' id='word_1_157' title='bbox 810 1914 903 1979; x_wconf 87' lang='grc' dir='ltr'><strong><em>αύτδν</em></strong></span> <span class='ocrx_word' id='word_1_158' title='bbox 920 1917 1111 2002; x_wconf 74' lang='grc' dir='ltr'><strong><em>ίιμηερίσαντο</em></strong></span> <span class='ocrx_word' id='word_1_159' title='bbox 1130 1912 1221 1993; x_wconf 88' lang='grc' dir='ltr'><strong><em>είναι,</em></strong></span> <span class='ocrx_word' id='word_1_160' title='bbox 1243 1914 1319 1999; x_wconf 62' lang='grc' dir='ltr'><strong><em>ἔχειν</em></strong></span> 
     </span>
     <span class='ocr_line' id='line_1_17' title="bbox 209 2016 1317 2107; baseline -0.001 -25"><span class='ocrx_word' id='word_1_161' title='bbox 209 2019 244 2082; x_wconf 77' lang='grc' dir='ltr'><strong><em>δὲ</em></strong></span> <span class='ocrx_word' id='word_1_162' title='bbox 264 2021 315 2081; x_wconf 83' lang='grc' dir='ltr'><strong><em>καί</em></strong></span> <span class='ocrx_word' id='word_1_163' title='bbox 340 2016 378 2080; x_wconf 87' lang='grc' dir='ltr'><strong><em>τά</em></strong></span> <span class='ocrx_word' id='word_1_164' title='bbox 402 2023 462 2081; x_wconf 81' lang='grc' dir='ltr'><strong><em>τῶν</em></strong></span> <span class='ocrx_word' id='word_1_165' title='bbox 488 2016 655 2103; x_wconf 84' lang='grc' dir='ltr'><strong><em>δημάρχων</em></strong></span> <span class='ocrx_word' id='word_1_166' title='bbox 681 2016 850 2101; x_wconf 89' lang='grc' dir='ltr'><strong><em>προνόμια·</em></strong></span> <span class='ocrx_word' id='word_1_167' title='bbox 877 2021 927 2083; x_wconf 77' lang='grc' dir='ltr'><strong><em>καί</em></strong></span> <span class='ocrx_word' id='word_1_168' title='bbox 952 2020 984 2084; x_wconf 82' lang='grc' dir='ltr'><strong><em>εί</em></strong></span> <span class='ocrx_word' id='word_1_169' title='bbox 1002 2045 1049 2095; x_wconf 93' lang='grc' dir='ltr'><strong><em>τις</em></strong></span> <span class='ocrx_word' id='word_1_170' title='bbox 1075 2018 1168 2085; x_wconf 75' lang='grc' dir='ltr'><strong><em>αὐτὸν</em></strong></span> <span class='ocrx_word' id='word_1_171' title='bbox 1193 2018 1271 2107; x_wconf 78' lang='grc' dir='ltr'><strong><em>ίργῳ</em></strong></span> <span class='ocrx_word' id='word_1_172' title='bbox 1297 2017 1317 2101; x_wconf 83' lang='grc' dir='ltr'><em>ἢ</em></span> 
     </span>
    </p>

    <p class='ocr_par' dir='ltr' id='par_1_8' title="bbox 167 2116 1324 2619">
     <span class='ocr_line' id='line_1_18' title="bbox 177 2116 1322 2210; baseline 0.001 -27"><span class='ocrx_word' id='word_1_173' title='bbox 177 2182 187 2189; x_wconf 82' lang='grc'>,</span> <span class='ocrx_word' id='word_1_174' title='bbox 209 2118 288 2207; x_wconf 74' lang='grc' dir='ltr'><strong><em>λόγῳ</em></strong></span> <span class='ocrx_word' id='word_1_175' title='bbox 304 2116 463 2206; x_wconf 82' lang='grc' dir='ltr'><strong><em>ύβρίσειεν,</em></strong></span> <span class='ocrx_word' id='word_1_176' title='bbox 489 2120 570 2207; x_wconf 76' lang='grc' dir='ltr'><strong><em>ἱερὸν</em></strong></span> <span class='ocrx_word' id='word_1_177' title='bbox 588 2119 661 2185; x_wconf 84' lang='grc' dir='ltr'><strong><em>είναι</em></strong></span> <span class='ocrx_word' id='word_1_178' title='bbox 679 2122 848 2187; x_wconf 78' lang='grc' dir='ltr'><strong><em>ίθίσπισαν</em></strong></span> <span class='ocrx_word' id='word_1_179' title='bbox 863 2124 975 2210; x_wconf 78' lang='grc' dir='ltr'><strong><em>καὶτῷ</em></strong></span> <span class='ocrx_word' id='word_1_180' title='bbox 992 2120 1056 2206; x_wconf 83' lang='grc' dir='ltr'><strong><em>ἀγει</em></strong></span> <span class='ocrx_word' id='word_1_181' title='bbox 1075 2124 1241 2204; x_wconf 77' lang='grc' dir='ltr'><strong><em>ίνίχεσθαι.</em></strong></span> <span class='ocrx_word' id='word_1_182' title='bbox 1289 2123 1322 2185; x_wconf 87' lang='grc' dir='ltr'><strong><em>τί</em></strong></span> 
     </span>
     <span class='ocr_line' id='line_1_19' title="bbox 208 2221 1319 2311; baseline -0.001 -24"><span class='ocrx_word' id='word_1_183' title='bbox 208 2225 243 2287; x_wconf 74' lang='grc' dir='ltr'><strong><em>δὲ</em></strong></span> <span class='ocrx_word' id='word_1_184' title='bbox 259 2224 293 2287; x_wconf 83' lang='grc' dir='ltr'><strong><em>τὸ</em></strong></span> <span class='ocrx_word' id='word_1_185' title='bbox 312 2222 392 2309; x_wconf 77' lang='grc' dir='ltr'><strong><em>ἱερὸν</em></strong></span> <span class='ocrx_word' id='word_1_186' title='bbox 409 2221 484 2287; x_wconf 82' lang='grc' dir='ltr'><strong><em>ε’ίναι</em></strong></span> <span class='ocrx_word' id='word_1_187' title='bbox 501 2222 676 2305; x_wconf 90' lang='grc' dir='ltr'><strong><em>νενόμιστο,</em></strong></span> <span class='ocrx_word' id='word_1_188' title='bbox 702 2223 763 2307; x_wconf 78' lang='grc' dir='ltr'><strong><em>ἤδη</em></strong></span> <span class='ocrx_word' id='word_1_189' title='bbox 779 2250 833 2304; x_wconf 90' lang='grc' dir='ltr'><strong><em>μοι</em></strong></span> <span class='ocrx_word' id='word_1_190' title='bbox 851 2224 1077 2311; x_wconf 63' lang='grc' dir='ltr'><strong><em>προαηιήγηται.</em></strong></span> <span class='ocrx_word' id='word_1_191' title='bbox 1119 2226 1268 2307; x_wconf 87' lang='grc' dir='ltr'><strong><em>χαίροντα</em></strong></span> <span class='ocrx_word' id='word_1_192' title='bbox 1286 2224 1319 2286; x_wconf 69' lang='grc' dir='ltr'><strong><em>δὲ</em></strong></span> 
     </span>
     <span class='ocr_line' id='line_1_20' title="bbox 207 2322 1320 2413; baseline -0.005 -22"><span class='ocrx_word' id='word_1_193' title='bbox 207 2323 327 2401; x_wconf 89' lang='grc' dir='ltr'><strong><em>τούτοις</em></strong></span> <span class='ocrx_word' id='word_1_194' title='bbox 350 2322 480 2409; x_wconf 80' lang='grc' dir='ltr'><strong><em>ὁρῶντες</em></strong></span> <span class='ocrx_word' id='word_1_195' title='bbox 502 2325 611 2403; x_wconf 82' lang='grc' dir='ltr'><strong><em>αύτόν,</em></strong></span> <span class='ocrx_word' id='word_1_196' title='bbox 647 2324 809 2410; x_wconf 71' lang='grc' dir='ltr'><strong><em>ἐπίχρυσόν</em></strong></span> <span class='ocrx_word' id='word_1_197' title='bbox 834 2352 866 2390; x_wconf 86' lang='grc' dir='ltr'><strong><em>τε</em></strong></span> <span class='ocrx_word' id='word_1_198' title='bbox 892 2332 1002 2413; x_wconf 79' lang='grc' dir='ltr'><strong><em>δίφρον</em></strong></span> <span class='ocrx_word' id='word_1_199' title='bbox 1025 2328 1109 2411; x_wconf 78' lang='grc' dir='ltr'><strong><em>αὐτῷ</em></strong></span> <span class='ocrx_word' id='word_1_200' title='bbox 1134 2324 1245 2389; x_wconf 86' lang='grc' dir='ltr'><strong><em>’ίδοσαν</em></strong></span> <span class='ocrx_word' id='word_1_201' title='bbox 1269 2326 1320 2387; x_wconf 83' lang='grc' dir='ltr'><strong><em>καλ</em></strong></span> 
     </span>
     <span class='ocr_line' id='line_1_21' title="bbox 167 2419 1322 2512; baseline -0.002 -20"><span class='ocrx_word' id='word_1_202' title='bbox 167 2428 323 2508; x_wconf 63' lang='grc' dir='ltr'><strong><em>λοοτολὴν</em></strong></span> <span class='ocrx_word' id='word_1_203' title='bbox 344 2419 420 2511; x_wconf 81' lang='grc' dir='ltr'><strong><em>ᾗπερ</em></strong></span> <span class='ocrx_word' id='word_1_204' title='bbox 445 2426 473 2490; x_wconf 75' lang='grc' dir='ltr'><strong><em>οἳ</em></strong></span> <span class='ocrx_word' id='word_1_205' title='bbox 498 2431 635 2508; x_wconf 74' lang='grc' dir='ltr'><strong><em>βασιλεῖς</em></strong></span> <span class='ocrx_word' id='word_1_206' title='bbox 659 2425 754 2489; x_wconf 87' lang='grc' dir='ltr'><strong><em>πύλαι</em></strong></span> <span class='ocrx_word' id='word_1_207' title='bbox 782 2428 942 2509; x_wconf 82' lang='grc' dir='ltr'><strong><em>ίκίχρηντο</em></strong></span> <span class='ocrx_word' id='word_1_208' title='bbox 966 2430 1016 2491; x_wconf 79' lang='grc' dir='ltr'><strong><em>καὶ</em></strong></span> <span class='ocrx_word' id='word_1_209' title='bbox 1041 2426 1182 2512; x_wconf 76' lang='grc' dir='ltr'><strong><em>φρουρὰν</em></strong></span> <span class='ocrx_word' id='word_1_210' title='bbox 1206 2427 1237 2490; x_wconf 75' lang='grc' dir='ltr'><strong><em>ἔκ</em></strong></span> <span class='ocrx_word' id='word_1_211' title='bbox 1261 2432 1322 2490; x_wconf 82' lang='grc' dir='ltr'><strong><em>τῶν</em></strong></span> 
     </span>
     <span class='ocr_line' id='line_1_22' title="bbox 213 2525 1324 2619; baseline 0.002 -29"><span class='ocrx_word' id='word_1_212' title='bbox 213 2529 326 2592; x_wconf 73' lang='grc' dir='ltr'><strong><em>ἱππίων</em></strong></span> <span class='ocrx_word' id='word_1_213' title='bbox 343 2531 394 2590; x_wconf 78' lang='grc' dir='ltr'><strong><em>καὶ</em></strong></span> <span class='ocrx_word' id='word_1_214' title='bbox 413 2531 445 2591; x_wconf 76' lang='grc' dir='ltr'><strong><em>ἐκ</em></strong></span> <span class='ocrx_word' id='word_1_215' title='bbox 462 2536 522 2593; x_wconf 78' lang='grc' dir='ltr'><strong><em>τῶν</em></strong></span> <span class='ocrx_word' id='word_1_216' title='bbox 537 2533 721 2611; x_wconf 80' lang='grc' dir='ltr'><strong><em>βουλευτῶν,</em></strong></span> <span class='ocrx_word' id='word_1_217' title='bbox 749 2526 899 2609; x_wconf 81' lang='grc' dir='ltr'><strong><em>εύχεσθαί</em></strong></span> <span class='ocrx_word' id='word_1_218' title='bbox 920 2554 951 2594; x_wconf 89' lang='grc' dir='ltr'><strong><em>τε</em></strong></span> <span class='ocrx_word' id='word_1_219' title='bbox 970 2531 1103 2619; x_wconf 71' lang='grc' dir='ltr'><strong><em>δημοσίᾳ</em></strong></span> <span class='ocrx_word' id='word_1_220' title='bbox 1126 2525 1202 2613; x_wconf 77' lang='grc' dir='ltr'><strong><em>ύπίρ</em></strong></span> <span class='ocrx_word' id='word_1_221' title='bbox 1227 2528 1324 2595; x_wconf 73' lang='grc' dir='ltr'><strong><em>αὐτοῦ</em></strong></span> 
     </span>
    </p>
   </div>
   <div class='ocr_carea' id='block_1_3' title="bbox 281 2680 1320 2824">
    <p class='ocr_par' dir='ltr' id='par_1_9' title="bbox 281 2680 1320 2824">
     <span class='ocr_line' id='line_1_23' title="bbox 281 2680 1320 2810; baseline 0.001 -68"><span class='ocrx_word' id='word_1_222' title='bbox 281 2689 299 2742; x_wconf 79' lang='grc' dir='ltr'><strong><em>λ</em></strong></span> <span class='ocrx_word' id='word_1_223' title='bbox 316 2680 337 2740; x_wconf 78' lang='grc' dir='ltr'><strong><em>ἀ</em></strong></span> <span class='ocrx_word' id='word_1_224' title='bbox 350 2684 540 2810; x_wconf 55' lang='grc' dir='ltr'><strong><em>ἐψηφίζοντο]</em></strong></span> <span class='ocrx_word' id='word_1_225' title='bbox 562 2683 597 2741; x_wconf 79' lang='grc' dir='ltr'><strong><em>τό</em></strong></span> <span class='ocrx_word' id='word_1_226' title='bbox 615 2684 793 2756; x_wconf 65' lang='grc' dir='ltr'><strong><em>ψηφιζόμενοι</em></strong></span> <span class='ocrx_word' id='word_1_227' title='bbox 809 2686 843 2740; x_wconf 85' lang='grc' dir='ltr'><strong><em>λ.</em></strong></span> <span class='ocrx_word' id='word_1_228' title='bbox 948 2686 965 2744; x_wconf 88' lang='grc'><strong>7</strong></span> <span class='ocrx_word' id='word_1_229' title='bbox 983 2683 1207 2757; x_wconf 74' lang='grc' dir='ltr'><strong><em>ἐπονομάζεσθαι</em></strong></span> <span class='ocrx_word' id='word_1_230' title='bbox 1221 2689 1245 2741; x_wconf 82' lang='grc' dir='ltr'><strong><em>λ</em></strong></span> <span class='ocrx_word' id='word_1_231' title='bbox 1261 2707 1320 2745; x_wconf 87' lang='lat' dir='ltr'><strong>curn</strong></span> 
     </span>
     <span class='ocr_line' id='line_1_24' title="bbox 367 2794 376 2824; baseline 0 0"><span class='ocrx_word' id='word_1_232' title='bbox 367 2794 376 2824; x_wconf 79' lang='grc' dir='ltr'><strong><em>ι</em></strong></span> 
     </span>
    </p>
   </div>
   <div class='ocr_carea' id='block_1_4' title="bbox 280 2749 1357 3037">
    <p class='ocr_par' dir='ltr' id='par_1_10' title="bbox 280 2749 1357 3037">
     <span class='ocr_line' id='line_1_25' title="bbox 280 2749 1320 2843; baseline 0.003 -34"><span class='ocrx_word' id='word_1_233' title='bbox 280 2756 349 2809; x_wconf 87' lang='lat' dir='ltr'><strong>Dion</strong></span> <span class='ocrx_word' id='word_1_234' title='bbox 410 2753 581 2843; x_wconf 81' lang='grc' dir='ltr'><strong><em>νομιίζεσθαι</em></strong></span> <span class='ocrx_word' id='word_1_235' title='bbox 595 2758 662 2811; x_wconf 86' lang='lat' dir='ltr'><strong><em>PW.</em></strong></span> <span class='ocrx_word' id='word_1_236' title='bbox 747 2752 823 2827; x_wconf 70' lang='lat' dir='ltr'><strong>etv]</strong></span> <span class='ocrx_word' id='word_1_237' title='bbox 843 2752 891 2810; x_wconf 82' lang='grc' dir='ltr'><strong><em>ιιαλ</em></strong></span> <span class='ocrx_word' id='word_1_238' title='bbox 908 2755 941 2809; x_wconf 82' lang='grc' dir='ltr'><strong><em>λ.</em></strong></span> <span class='ocrx_word' id='word_1_239' title='bbox 1030 2758 1063 2811; x_wconf 89' lang='grc'><strong><em>16</em></strong></span> <span class='ocrx_word' id='word_1_240' title='bbox 1080 2752 1151 2829; x_wconf 75' lang='grc' dir='ltr'><strong><em>λόγῳ</em></strong></span> <span class='ocrx_word' id='word_1_241' title='bbox 1169 2749 1189 2826; x_wconf 76' lang='grc' dir='ltr'><strong><em>ἦ</em></strong></span> <span class='ocrx_word' id='word_1_242' title='bbox 1206 2752 1275 2827; x_wconf 70' lang='grc' dir='ltr'><strong><em>ἔργα</em></strong></span> <span class='ocrx_word' id='word_1_243' title='bbox 1288 2760 1320 2813; x_wconf 82' lang='grc' dir='ltr'><strong><em>Β.</em></strong></span> 
     </span>
     <span class='ocr_line' id='line_1_26' title="bbox 281 2813 1357 2899; baseline -0.003 -17"><span class='ocrx_word' id='word_1_244' title='bbox 281 2828 318 2882; x_wconf 86' lang='grc'><strong><em>18</em></strong></span> <span class='ocrx_word' id='word_1_245' title='bbox 332 2826 542 2895; x_wconf 75' lang='grc' dir='ltr'><strong><em>προαφηγηται]</em></strong></span> <span class='ocrx_word' id='word_1_246' title='bbox 561 2826 632 2881; x_wconf 72' lang='lat' dir='ltr'><strong><em>‘nu</em></strong></span> <span class='ocrx_word' id='word_1_247' title='bbox 670 2824 731 2879; x_wconf 83' lang='grc'><strong><em>,56</em></strong></span> <span class='ocrx_word' id='word_1_248' title='bbox 748 2843 775 2881; x_wconf 83' lang='lat' dir='ltr'><strong><em>v.</em></strong></span> <span class='ocrx_word' id='word_1_249' title='bbox 795 2829 837 2879; x_wconf 77' lang='lat' dir='ltr'><strong>lu.</strong></span> <span class='ocrx_word' id='word_1_250' title='bbox 912 2826 947 2879; x_wconf 76' lang='lat'><strong><em>20</em></strong></span> <span class='ocrx_word' id='word_1_251' title='bbox 964 2813 1033 2896; x_wconf 75' lang='grc' dir='ltr'><strong><em>ᾗπερ</em></strong></span> <span class='ocrx_word' id='word_1_252' title='bbox 1053 2823 1083 2881; x_wconf 85' lang='lat' dir='ltr'><strong><em>ol</em></strong></span> <span class='ocrx_word' id='word_1_253' title='bbox 1099 2828 1220 2899; x_wconf 80' lang='grc' dir='ltr'><strong><em>βασιλεῖς</em></strong></span> <span class='ocrx_word' id='word_1_254' title='bbox 1235 2824 1322 2880; x_wconf 81' lang='grc' dir='ltr'><strong><em>πάλαι</em></strong></span> <span class='ocrx_word' id='word_1_255' title='bbox 1354 2834 1357 2841; x_wconf 88' lang='grc'><em>“</em></span> 
     </span>
     <span class='ocr_line' id='line_1_27' title="bbox 281 2842 1320 2967; baseline -0.001 -18"><span class='ocrx_word' id='word_1_256' title='bbox 281 2890 431 2964; x_wconf 68' lang='grc' dir='ltr'><strong><em>ἐκέχρηντο</em></strong></span> <span class='ocrx_word' id='word_1_257' title='bbox 448 2897 487 2962; x_wconf 85' lang='grc' dir='ltr'><strong><em>Α,</em></strong></span> <span class='ocrx_word' id='word_1_258' title='bbox 503 2885 524 2966; x_wconf 74' lang='grc' dir='ltr'><strong><em>ᾖ</em></strong></span> <span class='ocrx_word' id='word_1_259' title='bbox 539 2912 608 2948; x_wconf 77' lang='grc' dir='ltr'><strong><em>κοτε</em></strong></span> <span class='ocrx_word' id='word_1_260' title='bbox 626 2842 668 2951; x_wconf 53' lang='grc' dir='ltr'><strong><em>οἷ</em></strong></span> <span class='ocrx_word' id='word_1_261' title='bbox 673 2894 795 2963; x_wconf 79' lang='grc' dir='ltr'><strong><em>βασιλεῖς</em></strong></span> <span class='ocrx_word' id='word_1_262' title='bbox 811 2890 958 2963; x_wconf 75' lang='grc' dir='ltr'><strong><em>ἐκέχρηντο</em></strong></span> <span class='ocrx_word' id='word_1_263' title='bbox 977 2896 1042 2962; x_wconf 87' lang='lat' dir='ltr'><strong>Dio,</strong></span> <span class='ocrx_word' id='word_1_264' title='bbox 1060 2884 1078 2967; x_wconf 73' lang='grc' dir='ltr'><em>ᾖ</em></span> <span class='ocrx_word' id='word_1_265' title='bbox 1095 2892 1184 2949; x_wconf 80' lang='grc' dir='ltr'><strong><em>πύλαι</em></strong></span> <span class='ocrx_word' id='word_1_266' title='bbox 1200 2890 1320 2967; x_wconf 75' lang='grc' dir='ltr'><strong><em>ίχρολντο</em></strong></span> 
     </span>
     <span class='ocr_line' id='line_1_28' title="bbox 281 2954 1204 3037; baseline 0.004 -20"><span class='ocrx_word' id='word_1_267' title='bbox 281 2960 312 3017; x_wconf 77' lang='grc' dir='ltr'><strong><em>οἱ</em></strong></span> <span class='ocrx_word' id='word_1_268' title='bbox 328 2959 519 3036; x_wconf 76' lang='grc' dir='ltr'><strong><em>βασιλεύοντες</em></strong></span> <span class='ocrx_word' id='word_1_269' title='bbox 535 2965 568 3031; x_wconf 79' lang='lat' dir='ltr'><strong><em>C,</em></strong></span> <span class='ocrx_word' id='word_1_270' title='bbox 584 2954 603 3035; x_wconf 77' lang='grc' dir='ltr'><strong><em>ᾖ</em></strong></span> <span class='ocrx_word' id='word_1_271' title='bbox 621 2962 708 3019; x_wconf 79' lang='grc' dir='ltr'><strong><em>πύλαι</em></strong></span> <span class='ocrx_word' id='word_1_272' title='bbox 727 2961 846 3032; x_wconf 74' lang='grc' dir='ltr'><strong><em>ἐχρῶντο</em></strong></span> <span class='ocrx_word' id='word_1_273' title='bbox 865 2961 895 3017; x_wconf 78' lang='grc' dir='ltr'><strong><em>οἱ</em></strong></span> <span class='ocrx_word' id='word_1_274' title='bbox 910 2962 1119 3037; x_wconf 84' lang='grc' dir='ltr'><strong><em>βασιλεύσαντες</em></strong></span> <span class='ocrx_word' id='word_1_275' title='bbox 1136 2966 1204 3021; x_wconf 86' lang='lat' dir='ltr'><strong><em>PW.</em></strong></span> 
     </span>
    </p>
   </div>
   <div class='ocr_carea' id='block_1_5' title="bbox 313 3066 1319 3143">
    <p class='ocr_par' dir='ltr' id='par_1_11' title="bbox 313 3066 1319 3143">
     <span class='ocr_line' id='line_1_29' title="bbox 313 3066 1319 3143; baseline -0.002 -22"><span class='ocrx_word' id='word_1_276' title='bbox 313 3068 442 3124; x_wconf 80' lang='lat' dir='ltr'><strong>Faunus.</strong></span> <span class='ocrx_word' id='word_1_277' title='bbox 481 3068 548 3135; x_wconf 78' lang='lat' dir='ltr'><strong>cup.</strong></span> <span class='ocrx_word' id='word_1_278' title='bbox 565 3066 608 3119; x_wconf 72' lang='lat'><strong><em>12</em></strong></span> <span class='ocrx_word' id='word_1_279' title='bbox 643 3066 741 3119; x_wconf 81' lang='lat' dir='ltr'><strong>Dionis</strong></span> <span class='ocrx_word' id='word_1_280' title='bbox 752 3066 824 3119; x_wconf 81' lang='lat' dir='ltr'><strong>Hist.</strong></span> <span class='ocrx_word' id='word_1_281' title='bbox 838 3068 915 3123; x_wconf 85' lang='lat' dir='ltr'><strong>Rom.</strong></span> <span class='ocrx_word' id='word_1_282' title='bbox 928 3067 1020 3120; x_wconf 65' lang='grc' dir='ltr'><strong><em>δολί</em></strong></span> <span class='ocrx_word' id='word_1_283' title='bbox 1037 3066 1142 3123; x_wconf 83' lang='grc' dir='ltr'><strong><em>ο.3-7</em></strong></span> <span class='ocrx_word' id='word_1_284' title='bbox 1161 3075 1188 3119; x_wconf 82' lang='lat' dir='ltr'><strong><em>et</em></strong></span> <span class='ocrx_word' id='word_1_285' title='bbox 1205 3066 1319 3143; x_wconf 56' lang='lat' dir='ltr'><strong>aso-53.</strong></span> 
     </span>
    </p>
   </div>
   <div class='ocr_carea' id='block_1_6' title="bbox 212 3200 1399 4375">
    <p class='ocr_par' dir='ltr' id='par_1_12' title="bbox 212 3200 1399 4375">
     <span class='ocr_line' id='line_1_30' title="bbox 314 3200 1321 3273; baseline -0.001 -17"><span class='ocrx_word' id='word_1_286' title='bbox 314 3200 357 3256; x_wconf 74' lang='lat'><strong><em>12</em></strong></span> <span class='ocrx_word' id='word_1_287' title='bbox 391 3200 440 3256; x_wconf 87' lang='lat' dir='ltr'><strong>Sic</strong></span> <span class='ocrx_word' id='word_1_288' title='bbox 457 3203 559 3256; x_wconf 83' lang='lat' dir='ltr'><strong>Cacsar</strong></span> <span class='ocrx_word' id='word_1_289' title='bbox 578 3220 611 3255; x_wconf 85' lang='lat' dir='ltr'><strong>ex</strong></span> <span class='ocrx_word' id='word_1_290' title='bbox 629 3203 769 3256; x_wconf 86' lang='lat' dir='ltr'><strong>ambitione</strong></span> <span class='ocrx_word' id='word_1_291' title='bbox 795 3210 822 3257; x_wconf 85' lang='lat' dir='ltr'><strong><em>et</em></strong></span> <span class='ocrx_word' id='word_1_292' title='bbox 845 3204 1011 3273; x_wconf 85' lang='lat' dir='ltr'><strong>appetitione</strong></span> <span class='ocrx_word' id='word_1_293' title='bbox 1026 3200 1191 3271; x_wconf 69' lang='lat' dir='ltr'><strong>principatus</strong></span> <span class='ocrx_word' id='word_1_294' title='bbox 1209 3201 1321 3260; x_wconf 85' lang='lat' dir='ltr'><strong>interiit.</strong></span> 
     </span>
     <span class='ocr_line' id='line_1_31' title="bbox 212 3270 1323 3340; baseline 0.001 -18"><span class='ocrx_word' id='word_1_295' title='bbox 212 3270 362 3325; x_wconf 71' lang='lat' dir='ltr'><strong>adulatores</strong></span> <span class='ocrx_word' id='word_1_296' title='bbox 380 3272 449 3323; x_wconf 84' lang='lat' dir='ltr'><strong>enirn</strong></span> <span class='ocrx_word' id='word_1_297' title='bbox 467 3273 523 3324; x_wconf 90' lang='lat' dir='ltr'><strong>eius</strong></span> <span class='ocrx_word' id='word_1_298' title='bbox 540 3270 675 3324; x_wconf 77' lang='lat' dir='ltr'><strong>ambitioni</strong></span> <span class='ocrx_word' id='word_1_299' title='bbox 692 3280 721 3324; x_wconf 89' lang='lat' dir='ltr'><strong><em>et</em></strong></span> <span class='ocrx_word' id='word_1_300' title='bbox 737 3273 865 3340; x_wconf 80' lang='lat' dir='ltr'><strong>gloriolae</strong></span> <span class='ocrx_word' id='word_1_301' title='bbox 883 3272 972 3324; x_wconf 88' lang='lat' dir='ltr'><strong>studio</strong></span> <span class='ocrx_word' id='word_1_302' title='bbox 990 3272 1167 3323; x_wconf 72' lang='lat' dir='ltr'><strong>inservientes</strong></span> <span class='ocrx_word' id='word_1_303' title='bbox 1192 3270 1257 3322; x_wconf 87' lang='lat' dir='ltr'><strong>allos</strong></span> <span class='ocrx_word' id='word_1_304' title='bbox 1281 3281 1323 3323; x_wconf 86' lang='lat' dir='ltr'><strong><em>ut-</em></strong></span> 
     </span>
     <span class='ocr_line' id='line_1_32' title="bbox 213 3338 1324 3408; baseline 0.002 -17"><span class='ocrx_word' id='word_1_305' title='bbox 213 3355 265 3408; x_wconf 87' lang='lat' dir='ltr'><strong><em>que</em></strong></span> <span class='ocrx_word' id='word_1_306' title='bbox 282 3338 347 3392; x_wconf 88' lang='lat' dir='ltr'><strong>alios</strong></span> <span class='ocrx_word' id='word_1_307' title='bbox 365 3342 389 3392; x_wconf 90' lang='lat' dir='ltr'><strong>ei</strong></span> <span class='ocrx_word' id='word_1_308' title='bbox 408 3342 522 3393; x_wconf 85' lang='lat' dir='ltr'><strong>honores</strong></span> <span class='ocrx_word' id='word_1_309' title='bbox 539 3340 682 3393; x_wconf 82' lang='lat' dir='ltr'><strong>decernere</strong></span> <span class='ocrx_word' id='word_1_310' title='bbox 699 3358 751 3393; x_wconf 91' lang='lat' dir='ltr'><strong><em>non</em></strong></span> <span class='ocrx_word' id='word_1_311' title='bbox 770 3341 942 3397; x_wconf 64' lang='lat' dir='ltr'><strong>destiterunb</strong></span> <span class='ocrx_word' id='word_1_312' title='bbox 974 3341 1019 3408; x_wconf 87' lang='lat' dir='ltr'><strong>qui</strong></span> <span class='ocrx_word' id='word_1_313' title='bbox 1037 3338 1185 3392; x_wconf 83' lang='lat' dir='ltr'><strong>huiusmodi</strong></span> <span class='ocrx_word' id='word_1_314' title='bbox 1201 3338 1324 3393; x_wconf 77' lang='lat' dir='ltr'><strong>luerunts</strong></span> 
     </span>
     <span class='ocr_line' id='line_1_33' title="bbox 214 3405 1324 3479; baseline 0.001 -21"><span class='ocrx_word' id='word_1_315' title='bbox 214 3414 245 3458; x_wconf 90' lang='lat' dir='ltr'><strong><em>ut</em></strong></span> <span class='ocrx_word' id='word_1_316' title='bbox 266 3408 345 3461; x_wconf 86' lang='lat' dir='ltr'><strong>trium</strong></span> <span class='ocrx_word' id='word_1_317' title='bbox 365 3409 447 3462; x_wconf 84' lang='lat' dir='ltr'><strong>halem</strong></span> <span class='ocrx_word' id='word_1_318' title='bbox 473 3416 574 3462; x_wconf 80' lang='lat' dir='ltr'><strong>vestem</strong></span> <span class='ocrx_word' id='word_1_319' title='bbox 599 3420 727 3479; x_wconf 85' lang='lat' dir='ltr'><strong>perpetuo</strong></span> <span class='ocrx_word' id='word_1_320' title='bbox 749 3412 833 3467; x_wconf 77' lang='lat' dir='ltr'><strong>terret</strong></span> <span class='ocrx_word' id='word_1_321' title='bbox 856 3417 884 3460; x_wconf 89' lang='lat' dir='ltr'><strong><em>st</em></strong></span> <span class='ocrx_word' id='word_1_322' title='bbox 905 3408 933 3461; x_wconf 92' lang='lat' dir='ltr'><strong><em>in</em></strong></span> <span class='ocrx_word' id='word_1_323' title='bbox 958 3408 1023 3461; x_wconf 84' lang='lat' dir='ltr'><strong>sella</strong></span> <span class='ocrx_word' id='word_1_324' title='bbox 1041 3408 1124 3460; x_wconf 86' lang='lat' dir='ltr'><strong>curuli</strong></span> <span class='ocrx_word' id='word_1_325' title='bbox 1148 3405 1271 3474; x_wconf 85' lang='lat' dir='ltr'><strong>sederet,</strong></span> <span class='ocrx_word' id='word_1_326' title='bbox 1294 3415 1324 3459; x_wconf 86' lang='lat' dir='ltr'><strong><em>ut</em></strong></span> 
     </span>
     <span class='ocr_line' id='line_1_34' title="bbox 212 3426 1325 3548; baseline 0 -21"><span class='ocrx_word' id='word_1_327' title='bbox 212 3476 328 3529; x_wconf 74' lang='lat' dir='ltr'><strong>fascibus</strong></span> <span class='ocrx_word' id='word_1_328' title='bbox 346 3426 478 3531; x_wconf 81' lang='lat' dir='ltr'><strong>laureatis</strong></span> <span class='ocrx_word' id='word_1_329' title='bbox 499 3486 630 3548; x_wconf 88' lang='lat' dir='ltr'><strong>perpetuo</strong></span> <span class='ocrx_word' id='word_1_330' title='bbox 657 3486 776 3531; x_wconf 88' lang='lat' dir='ltr'><strong>uteretur</strong></span> <span class='ocrx_word' id='word_1_331' title='bbox 799 3485 828 3530; x_wconf 90' lang='lat' dir='ltr'><strong><em>et</em></strong></span> <span class='ocrx_word' id='word_1_332' title='bbox 850 3471 927 3545; x_wconf 84' lang='lat' dir='ltr'><strong>paler</strong></span> <span class='ocrx_word' id='word_1_333' title='bbox 950 3478 1054 3546; x_wconf 75' lang='lat' dir='ltr'><strong>patriae</strong></span> <span class='ocrx_word' id='word_1_334' title='bbox 1078 3474 1269 3543; x_wconf 79' lang='lat' dir='ltr'><strong>appellaretur,</strong></span> <span class='ocrx_word' id='word_1_335' title='bbox 1296 3486 1325 3527; x_wconf 88' lang='lat' dir='ltr'><strong><em>ut</em></strong></span> 
     </span>
     <span class='ocr_line' id='line_1_35' title="bbox 214 3544 1326 3617; baseline -0.001 -21"><span class='ocrx_word' id='word_1_336' title='bbox 214 3544 272 3597; x_wconf 85' lang='lat' dir='ltr'><strong>eius</strong></span> <span class='ocrx_word' id='word_1_337' title='bbox 290 3544 374 3615; x_wconf 79' lang='lat' dir='ltr'><strong>imago</strong></span> <span class='ocrx_word' id='word_1_338' title='bbox 389 3548 417 3599; x_wconf 82' lang='lat' dir='ltr'><strong><em>in</em></strong></span> <span class='ocrx_word' id='word_1_339' title='bbox 434 3548 543 3601; x_wconf 87' lang='lat' dir='ltr'><strong>nonnis</strong></span> <span class='ocrx_word' id='word_1_340' title='bbox 561 3548 761 3617; x_wconf 84' lang='lat' dir='ltr'><strong>exsculperetnr</strong></span> <span class='ocrx_word' id='word_1_341' title='bbox 782 3554 810 3598; x_wconf 88' lang='lat' dir='ltr'><strong><em>et</em></strong></span> <span class='ocrx_word' id='word_1_342' title='bbox 831 3546 927 3599; x_wconf 85' lang='lat' dir='ltr'><strong>natalis</strong></span> <span class='ocrx_word' id='word_1_343' title='bbox 953 3546 1057 3613; x_wconf 89' lang='lat' dir='ltr'><strong>publice</strong></span> <span class='ocrx_word' id='word_1_344' title='bbox 1075 3545 1267 3613; x_wconf 83' lang='lat' dir='ltr'><strong>celebraretur,</strong></span> <span class='ocrx_word' id='word_1_345' title='bbox 1295 3550 1326 3596; x_wconf 90' lang='lat' dir='ltr'><strong><em>ut</em></strong></span> 
     </span>
     <span class='ocr_line' id='line_1_36' title="bbox 213 3612 1325 3683; baseline 0.001 -17"><span class='ocrx_word' id='word_1_346' title='bbox 213 3614 241 3666; x_wconf 88' lang='lat' dir='ltr'><strong>iu</strong></span> <span class='ocrx_word' id='word_1_347' title='bbox 259 3614 384 3667; x_wconf 81' lang='lat' dir='ltr'><strong>Romania</strong></span> <span class='ocrx_word' id='word_1_348' title='bbox 400 3617 470 3669; x_wconf 82' lang='lat' dir='ltr'><strong>sanis</strong></span> <span class='ocrx_word' id='word_1_349' title='bbox 487 3625 514 3669; x_wconf 91' lang='lat' dir='ltr'><strong><em>et</em></strong></span> <span class='ocrx_word' id='word_1_350' title='bbox 530 3617 649 3669; x_wconf 85' lang='lat' dir='ltr'><strong>omnibus</strong></span> <span class='ocrx_word' id='word_1_351' title='bbox 667 3616 775 3669; x_wconf 80' lang='lat' dir='ltr'><strong>urbibus</strong></span> <span class='ocrx_word' id='word_1_352' title='bbox 794 3614 852 3667; x_wconf 87' lang='lat' dir='ltr'><strong>eius</strong></span> <span class='ocrx_word' id='word_1_353' title='bbox 868 3623 974 3667; x_wconf 87' lang='lat' dir='ltr'><strong>statuas</strong></span> <span class='ocrx_word' id='word_1_354' title='bbox 991 3614 1189 3666; x_wconf 84' lang='lat' dir='ltr'><strong>collocarentur.</strong></span> <span class='ocrx_word' id='word_1_355' title='bbox 1207 3612 1325 3683; x_wconf 83' lang='lat' dir='ltr'><strong>prosius</strong></span> 
     </span>
     <span class='ocr_line' id='line_1_37' title="bbox 215 3683 1326 3749; baseline 0.001 -15"><span class='ocrx_word' id='word_1_356' title='bbox 215 3690 303 3735; x_wconf 85' lang='lat' dir='ltr'><strong>autem</strong></span> <span class='ocrx_word' id='word_1_357' title='bbox 327 3683 453 3737; x_wconf 88' lang='lat' dir='ltr'><strong>tribunali</strong></span> <span class='ocrx_word' id='word_1_358' title='bbox 477 3687 542 3738; x_wconf 84' lang='lat' dir='ltr'><strong>duaa</strong></span> <span class='ocrx_word' id='word_1_359' title='bbox 566 3692 670 3737; x_wconf 89' lang='lat' dir='ltr'><strong>statuas</strong></span> <span class='ocrx_word' id='word_1_360' title='bbox 698 3684 873 3749; x_wconf 88' lang='lat' dir='ltr'><strong>collocarunt,</strong></span> <span class='ocrx_word' id='word_1_361' title='bbox 905 3684 1013 3736; x_wconf 84' lang='lat' dir='ltr'><strong>alterurn</strong></span> <span class='ocrx_word' id='word_1_362' title='bbox 1040 3684 1073 3734; x_wconf 89' lang='lat' dir='ltr'><strong>cb</strong></span> <span class='ocrx_word' id='word_1_363' title='bbox 1096 3683 1169 3735; x_wconf 78' lang='lat' dir='ltr'><strong>cives</strong></span> <span class='ocrx_word' id='word_1_364' title='bbox 1193 3690 1326 3748; x_wconf 82' lang='lat' dir='ltr'><strong>serratos,</strong></span> 
     </span>
     <span class='ocr_line' id='line_1_38' title="bbox 214 3750 1399 3818; baseline 0.002 -15"><span class='ocrx_word' id='word_1_365' title='bbox 214 3750 324 3804; x_wconf 82' lang='lat' dir='ltr'><strong>alterans</strong></span> <span class='ocrx_word' id='word_1_366' title='bbox 341 3754 375 3803; x_wconf 93' lang='lat' dir='ltr'><strong><em>ob</em></strong></span> <span class='ocrx_word' id='word_1_367' title='bbox 392 3755 481 3806; x_wconf 83' lang='lat' dir='ltr'><strong>urbem</strong></span> <span class='ocrx_word' id='word_1_368' title='bbox 498 3754 637 3807; x_wconf 75' lang='lat' dir='ltr'><strong>obsidione</strong></span> <span class='ocrx_word' id='word_1_369' title='bbox 654 3752 801 3818; x_wconf 83' lang='lat' dir='ltr'><strong>liberatam,</strong></span> <span class='ocrx_word' id='word_1_370' title='bbox 819 3769 918 3805; x_wconf 83' lang='lat' dir='ltr'><strong>corona</strong></span> <span class='ocrx_word' id='word_1_371' title='bbox 929 3750 1013 3804; x_wconf 85' lang='lat' dir='ltr'><strong>civica</strong></span> <span class='ocrx_word' id='word_1_372' title='bbox 1030 3759 1058 3804; x_wconf 85' lang='lat' dir='ltr'><strong><em>et</em></strong></span> <span class='ocrx_word' id='word_1_373' title='bbox 1075 3751 1230 3805; x_wconf 76' lang='lat' dir='ltr'><strong>obsidionali</strong></span> <span class='ocrx_word' id='word_1_374' title='bbox 1248 3768 1327 3805; x_wconf 90' lang='lat' dir='ltr'><strong>orna-</strong></span> <span class='ocrx_word' id='word_1_375' title='bbox 1392 3750 1399 3760; x_wconf 87' lang='lat'>&#39;</span> 
     </span>
     <span class='ocr_line' id='line_1_39' title="bbox 213 3820 1326 3891; baseline -0.002 -17"><span class='ocrx_word' id='word_1_376' title='bbox 213 3828 266 3874; x_wconf 87' lang='lat' dir='ltr'><strong>tas.</strong></span> <span class='ocrx_word' id='word_1_377' title='bbox 288 3828 317 3873; x_wconf 89' lang='lat' dir='ltr'><strong><em>st</em></strong></span> <span class='ocrx_word' id='word_1_378' title='bbox 333 3836 427 3874; x_wconf 78' lang='lat' dir='ltr'><strong>novara</strong></span> <span class='ocrx_word' id='word_1_379' title='bbox 444 3824 541 3875; x_wconf 85' lang='lat' dir='ltr'><strong>curiam</strong></span> <span class='ocrx_word' id='word_1_380' title='bbox 559 3821 695 3876; x_wconf 83' lang='lat' dir='ltr'><strong>aedificari</strong></span> <span class='ocrx_word' id='word_1_381' title='bbox 711 3821 859 3889; x_wconf 82' lang='lat' dir='ltr'><strong>iusserunt,</strong></span> <span class='ocrx_word' id='word_1_382' title='bbox 886 3837 955 3888; x_wconf 88' lang='lat' dir='ltr'><strong>quae</strong></span> <span class='ocrx_word' id='word_1_383' title='bbox 974 3820 1040 3873; x_wconf 89' lang='lat' dir='ltr'><strong>lulia</strong></span> <span class='ocrx_word' id='word_1_384' title='bbox 1066 3820 1099 3873; x_wconf 89' lang='lat' dir='ltr'><strong>ds</strong></span> <span class='ocrx_word' id='word_1_385' title='bbox 1125 3821 1208 3891; x_wconf 86' lang='lat' dir='ltr'><strong>ipsius</strong></span> <span class='ocrx_word' id='word_1_386' title='bbox 1223 3822 1326 3874; x_wconf 87' lang='lat' dir='ltr'><strong>nornine</strong></span> 
     </span>
     <span class='ocr_line' id='line_1_40' title="bbox 214 3887 1394 3960; baseline -0.001 -19"><span class='ocrx_word' id='word_1_387' title='bbox 214 3889 358 3942; x_wconf 86' lang='lat' dir='ltr'><strong>diceretur.</strong></span> <span class='ocrx_word' id='word_1_388' title='bbox 393 3906 580 3960; x_wconf 75' lang='lat' dir='ltr'><strong>centoremque</strong></span> <span class='ocrx_word' id='word_1_389' title='bbox 605 3907 663 3945; x_wconf 85' lang='lat' dir='ltr'><strong>curn</strong></span> <span class='ocrx_word' id='word_1_390' title='bbox 688 3889 770 3943; x_wconf 88' lang='lat' dir='ltr'><strong>solun</strong></span> <span class='ocrx_word' id='word_1_391' title='bbox 794 3896 822 3941; x_wconf 89' lang='lat' dir='ltr'><strong><em>st</em></strong></span> <span class='ocrx_word' id='word_1_392' title='bbox 866 3900 1000 3959; x_wconf 86' lang='lat' dir='ltr'><strong>erpetuurn</strong></span> <span class='ocrx_word' id='word_1_393' title='bbox 1018 3898 1158 3943; x_wconf 84' lang='lat' dir='ltr'><strong>crearunt:</strong></span> <span class='ocrx_word' id='word_1_394' title='bbox 1185 3889 1327 3960; x_wconf 79' lang='lat' dir='ltr'><strong>privilegia</strong></span> <span class='ocrx_word' id='word_1_395' title='bbox 1389 3887 1394 3898; x_wconf 78' lang='grc'>’</span> 
     </span>
     <span class='ocr_line' id='line_1_41' title="bbox 214 3908 1328 4030; baseline -0.003 -19"><span class='ocrx_word' id='word_1_396' title='bbox 214 3958 379 4011; x_wconf 81' lang='lat' dir='ltr'><strong>tn‘bunorurn</strong></span> <span class='ocrx_word' id='word_1_397' title='bbox 402 3958 427 4011; x_wconf 83' lang='lat' dir='ltr'><strong>si</strong></span> <span class='ocrx_word' id='word_1_398' title='bbox 451 3960 592 4013; x_wconf 78' lang='lat' dir='ltr'><strong>dederunt:</strong></span> <span class='ocrx_word' id='word_1_399' title='bbox 616 3963 639 4013; x_wconf 88' lang='lat' dir='ltr'><strong>si</strong></span> <span class='ocrx_word' id='word_1_400' title='bbox 658 3974 819 4030; x_wconf 76' lang='lat' dir='ltr'><strong>equaquam</strong></span> <span class='ocrx_word' id='word_1_401' title='bbox 838 3908 909 4011; x_wconf 78' lang='lat' dir='ltr'><strong>dicto</strong></span> <span class='ocrx_word' id='word_1_402' title='bbox 928 3960 1032 4012; x_wconf 81' lang='lat' dir='ltr'><strong>factove</strong></span> <span class='ocrx_word' id='word_1_403' title='bbox 1051 3958 1168 4011; x_wconf 84' lang='lat' dir='ltr'><strong>offensus</strong></span> <span class='ocrx_word' id='word_1_404' title='bbox 1186 3968 1273 4025; x_wconf 85' lang='lat' dir='ltr'><strong>esset,</strong></span> <span class='ocrx_word' id='word_1_405' title='bbox 1297 3966 1328 4009; x_wconf 84' lang='lat' dir='ltr'><strong><em>ut</em></strong></span> 
     </span>
     <span class='ocr_line' id='line_1_42' title="bbox 215 4027 1326 4097; baseline -0.003 -18"><span class='ocrx_word' id='word_1_406' title='bbox 215 4034 296 4096; x_wconf 85' lang='lat' dir='ltr'><strong>caput</strong></span> <span class='ocrx_word' id='word_1_407' title='bbox 313 4027 370 4079; x_wconf 87' lang='lat' dir='ltr'><strong>eius</strong></span> <span class='ocrx_word' id='word_1_408' title='bbox 387 4042 489 4080; x_wconf 83' lang='lat' dir='ltr'><strong>sacrun</strong></span> <span class='ocrx_word' id='word_1_409' title='bbox 505 4037 579 4081; x_wconf 83' lang='lat' dir='ltr'><strong>essct</strong></span> <span class='ocrx_word' id='word_1_410' title='bbox 596 4047 629 4081; x_wconf 88' lang='lat' dir='ltr'><strong><em>ac</em></strong></span> <span class='ocrx_word' id='word_1_411' title='bbox 647 4028 750 4097; x_wconf 87' lang='lat' dir='ltr'><strong>piaculo</strong></span> <span class='ocrx_word' id='word_1_412' title='bbox 768 4028 922 4096; x_wconf 79' lang='lat' dir='ltr'><strong>obligatum.</strong></span> <span class='ocrx_word' id='word_1_413' title='bbox 958 4030 1021 4097; x_wconf 91' lang='lat' dir='ltr'><strong>quid</strong></span> <span class='ocrx_word' id='word_1_414' title='bbox 1042 4036 1128 4080; x_wconf 85' lang='lat' dir='ltr'><strong>autern</strong></span> <span class='ocrx_word' id='word_1_415' title='bbox 1146 4043 1247 4081; x_wconf 83' lang='lat' dir='ltr'><strong>sacrum</strong></span> <span class='ocrx_word' id='word_1_416' title='bbox 1266 4042 1326 4077; x_wconf 85' lang='lat' dir='ltr'><strong>esse</strong></span> 
     </span>
     <span class='ocr_line' id='line_1_43' title="bbox 216 4090 1325 4167; baseline -0.004 -19"><span class='ocrx_word' id='word_1_417' title='bbox 216 4095 356 4165; x_wconf 75' lang='lat' dir='ltr'><strong>siguificat,</strong></span> <span class='ocrx_word' id='word_1_418' title='bbox 375 4096 425 4148; x_wconf 84' lang='lat' dir='ltr'><strong>iarn</strong></span> <span class='ocrx_word' id='word_1_419' title='bbox 443 4102 483 4149; x_wconf 86' lang='lat' dir='ltr'><strong><em>est</em></strong></span> <span class='ocrx_word' id='word_1_420' title='bbox 499 4115 516 4151; x_wconf 86' lang='lat' dir='ltr'><strong><em>a</em></strong></span> <span class='ocrx_word' id='word_1_421' title='bbox 532 4116 573 4150; x_wconf 88' lang='lat' dir='ltr'><strong>me</strong></span> <span class='ocrx_word' id='word_1_422' title='bbox 592 4099 748 4167; x_wconf 83' lang='lat' dir='ltr'><strong>expositum.</strong></span> <span class='ocrx_word' id='word_1_423' title='bbox 776 4096 827 4149; x_wconf 81' lang='lat' dir='ltr'><strong>ianr</strong></span> <span class='ocrx_word' id='word_1_424' title='bbox 845 4097 905 4165; x_wconf 88' lang='lat' dir='ltr'><strong>qnia</strong></span> <span class='ocrx_word' id='word_1_425' title='bbox 923 4096 1022 4150; x_wconf 88' lang='lat' dir='ltr'><strong>talibus</strong></span> <span class='ocrx_word' id='word_1_426' title='bbox 1041 4113 1098 4149; x_wconf 88' lang='lat' dir='ltr'><strong><em>eun</em></strong></span> <span class='ocrx_word' id='word_1_427' title='bbox 1115 4098 1196 4149; x_wconf 84' lang='lat' dir='ltr'><strong>rebus</strong></span> <span class='ocrx_word' id='word_1_428' title='bbox 1210 4090 1325 4163; x_wconf 71' lang='lat' dir='ltr'><strong>gaudere</strong></span> 
     </span>
     <span class='ocr_line' id='line_1_44' title="bbox 216 4163 1395 4235; baseline 0 -20"><span class='ocrx_word' id='word_1_429' title='bbox 216 4166 372 4233; x_wconf 83' lang='lat' dir='ltr'><strong>cernebant,</strong></span> <span class='ocrx_word' id='word_1_430' title='bbox 390 4173 509 4217; x_wconf 65' lang='lat' dir='ltr'><strong>auruum</strong></span> <span class='ocrx_word' id='word_1_431' title='bbox 527 4168 551 4219; x_wconf 90' lang='lat' dir='ltr'><strong>ei</strong></span> <span class='ocrx_word' id='word_1_432' title='bbox 569 4167 656 4219; x_wconf 88' lang='lat' dir='ltr'><strong>sellan</strong></span> <span class='ocrx_word' id='word_1_433' title='bbox 674 4176 862 4220; x_wconf 87' lang='lat' dir='ltr'><strong>concesserunt</strong></span> <span class='ocrx_word' id='word_1_434' title='bbox 879 4172 907 4217; x_wconf 89' lang='lat' dir='ltr'><strong><em>et</em></strong></span> <span class='ocrx_word' id='word_1_435' title='bbox 925 4174 1023 4218; x_wconf 82' lang='lat' dir='ltr'><strong>vestem</strong></span> <span class='ocrx_word' id='word_1_436' title='bbox 1041 4182 1093 4235; x_wconf 90' lang='lat' dir='ltr'><strong><em>qua</em></strong></span> <span class='ocrx_word' id='word_1_437' title='bbox 1110 4165 1171 4216; x_wconf 88' lang='lat' dir='ltr'><strong>olim</strong></span> <span class='ocrx_word' id='word_1_438' title='bbox 1188 4178 1265 4229; x_wconf 81' lang='lat' dir='ltr'><strong>regas</strong></span> <span class='ocrx_word' id='word_1_439' title='bbox 1281 4163 1327 4223; x_wconf 79' lang='lat' dir='ltr'><strong><em>usi</em></strong></span> <span class='ocrx_word' id='word_1_440' title='bbox 1389 4184 1395 4193; x_wconf 92' lang='lat'><em>·</em></span> 
     </span>
     <span class='ocr_line' id='line_1_45' title="bbox 215 4232 1322 4303; baseline 0 -20"><span class='ocrx_word' id='word_1_441' title='bbox 215 4232 320 4287; x_wconf 78' lang='lat' dir='ltr'><strong>nerant</strong></span> <span class='ocrx_word' id='word_1_442' title='bbox 336 4241 366 4287; x_wconf 89' lang='lat' dir='ltr'><strong><em>ct</em></strong></span> <span class='ocrx_word' id='word_1_443' title='bbox 381 4234 525 4287; x_wconf 86' lang='lat' dir='ltr'><strong>custodian</strong></span> <span class='ocrx_word' id='word_1_444' title='bbox 542 4252 575 4288; x_wconf 81' lang='lat' dir='ltr'><strong>ex</strong></span> <span class='ocrx_word' id='word_1_445' title='bbox 592 4236 709 4303; x_wconf 73' lang='lat' dir='ltr'><strong>equestri</strong></span> <span class='ocrx_word' id='word_1_446' title='bbox 726 4243 754 4288; x_wconf 86' lang='lat' dir='ltr'><strong><em>et</em></strong></span> <span class='ocrx_word' id='word_1_447' title='bbox 770 4234 902 4288; x_wconf 82' lang='lat' dir='ltr'><strong>serraturis</strong></span> <span class='ocrx_word' id='word_1_448' title='bbox 921 4235 1028 4301; x_wconf 85' lang='lat' dir='ltr'><strong>ordine,</strong></span> <span class='ocrx_word' id='word_1_449' title='bbox 1055 4244 1135 4301; x_wconf 89' lang='lat' dir='ltr'><strong>utque</strong></span> <span class='ocrx_word' id='word_1_450' title='bbox 1153 4232 1258 4301; x_wconf 89' lang='lat' dir='ltr'><strong>publice</strong></span> <span class='ocrx_word' id='word_1_451' title='bbox 1274 4248 1322 4301; x_wconf 88' lang='lat' dir='ltr'><strong>pro</strong></span> 
     </span>
     <span class='ocr_line' id='line_1_46' title="bbox 217 4298 1324 4375; baseline 0.003 -24"><span class='ocrx_word' id='word_1_452' title='bbox 217 4316 249 4351; x_wconf 86' lang='lat' dir='ltr'><strong>co</strong></span> <span class='ocrx_word' id='word_1_453' title='bbox 264 4302 473 4372; x_wconf 85' lang='lat' dir='ltr'><strong>supplicationes</strong></span> <span class='ocrx_word' id='word_1_454' title='bbox 490 4302 586 4356; x_wconf 83' lang='lat' dir='ltr'><strong>tierent</strong></span> <span class='ocrx_word' id='word_1_455' title='bbox 603 4311 631 4356; x_wconf 86' lang='lat' dir='ltr'><strong><em>et</em></strong></span> <span class='ocrx_word' id='word_1_456' title='bbox 649 4320 699 4373; x_wconf 89' lang='lat' dir='ltr'><strong><em>per</em></strong></span> <span class='ocrx_word' id='word_1_457' title='bbox 716 4306 772 4357; x_wconf 83' lang='lat' dir='ltr'><strong>cius</strong></span> <span class='ocrx_word' id='word_1_458' title='bbox 789 4304 894 4375; x_wconf 74' lang='lat' dir='ltr'><strong>genium</strong></span> <span class='ocrx_word' id='word_1_459' title='bbox 912 4303 1044 4355; x_wconf 84' lang='lat' dir='ltr'><strong>iuraretur</strong></span> <span class='ocrx_word' id='word_1_460' title='bbox 1059 4310 1087 4355; x_wconf 87' lang='lat' dir='ltr'><strong><em>et</em></strong></span> <span class='ocrx_word' id='word_1_461' title='bbox 1098 4306 1158 4354; x_wconf 84' lang='lat' dir='ltr'><strong>acta</strong></span> <span class='ocrx_word' id='word_1_462' title='bbox 1169 4298 1226 4353; x_wconf 89' lang='lat' dir='ltr'><strong>eius</strong></span> <span class='ocrx_word' id='word_1_463' title='bbox 1238 4301 1324 4354; x_wconf 86' lang='lat' dir='ltr'><strong>onnia</strong></span> 
     </span>
    </p>
   </div>
   <div class='ocr_carea' id='block_1_7' title="bbox 0 0 1583 4909">
    <p class='ocr_par' dir='ltr' id='par_1_13' title="bbox 0 0 1583 4909">
     <span class='ocr_line' id='line_1_47' title="bbox 0 0 1583 4909; baseline 0 0"><span class='ocrx_word' id='word_1_464' title='bbox 0 0 1583 4909; x_wconf 95' lang='lat' dir='ltr'><strong><em> </em></strong></span> 
     </span>
    </p>
   </div>
  </div>
 </body>
</html>
