3134 4909
294 311 369 414 258
658 308 827 375 lOANNlS
853 306 1051 375 ZONARAE

286 483 430 566 ,λήσιιντα
455 485 498 568 τῷ
515 481 676 558 Σκιπίωνι,
702 483 754 544 καὶ
779 478 880 554 ἄλλως
897 479 930 543 δέ
947 478 1040 542 αὐτόν
1054 469 1236 561 ἐβαρόνετο,
1257 469 1307 536 ότι
1324 472 1405 539 linea

293 584 453 668 βοόλευμα
477 590 519 670 τῷ
532 583 654 672 Ἀννίβηι
677 590 738 659 πῶς
761 579 959 667 ἐπεγράφετο,
982 582 1032 645 καὶ
1049 579 1105 668 τήν
1121 585 1176 644 τοῦ
1192 576 1328 657 πολέμου
1343 601 1403 640 κα-

293 687 450 774 τόρθωσιν
467 688 499 750 ἐν
516 684 614 774 τούτῳ
632 683 742 762 πάντες
758 683 929 767 ἐπήλπιζον.
962 682 1014 747 διὰ
1030 688 1104 768 γοῦν
1120 687 1218 747 ταῦτα
1234 680 1285 744 καὶ
1302 675 1403 764 ἐφθό-

252 810 364 875 ονησε
390 797 432 876 τῷ
454 789 575 878 Ἀννίβᾳ
581 837 591 866 ,
616 791 667 853 καὶ
692 786 839 875 ἐφοβήθη
863 787 957 852 αὐτόν
971 788 1023 850 ἰ’να
1039 783 1085 868 μή
1102 809 1131 850 τι
1151 784 1295 866 δυνηθείς
1309 807 1404 864 μετα-

291 893 439 976 βάληται·
467 895 518 956 καὶ
537 891 605 956 σι’ίτε
623 891 801 975 στράτευμα
818 891 966 977 παρίσχει
985 889 1079 975 αὐτῷ,
1105 885 1172 953 οὔτ’
1195 888 1226 962 ἐς
1241 886 1297 968 τήν
1314 886 1428 970 Καρ-5

288 994 408 1080 χηόόνα
426 994 581 1077 ἐπεμψεν·
622 994 690 1058 οὐδ’
713 997 743 1059 ἐν
765 1005 832 1070 ταῖς
854 995 1027 1068 συνουσίαις
1043 991 1129 1078 αὐτῷ
1144 987 1321 1072 κατακόρως
1338 988 1405 1052 ἐκέ-

287 1124 403 1185 χρητο,
430 1097 509 1162 ἀλλὰ
534 1100 585 1162 καὶ
611 1095 890 1180 ἐπετήδευεμηδέν
914 1103 975 1160 τῶν
997 1093 1213 1181 πραττομένων
1236 1091 1329 1156 αὐτοῦ
1349 1093 1405 1154 do·

144 1213 179 1266 W
190 1212 218 1266 11
229 1212 280 1266 103
292 1213 354 1266 κεῖν
371 1198 455 1265 εένιιι.

397 1303 447 1367 19.
495 1298 543 1364 ‘H
564 1302 597 1366 όέ
621 1303 689 1384 περὶ
716 1309 769 1365 τοῦ
793 1299 947 1383 Ἀντιόχου
971 1294 1060 1385 φήμη
1083 1296 1181 1380 πολλή
1205 1295 1260 1379 τήν
1278 1291 1406 1378 Ῥώμην

292 1405 416 1488 κατίυχε
436 1407 485 1468 καλ
505 1405 535 1480 ἐς
553 1408 701 1490 moeotida
719 1402 977 1484 τούςῬωμιιίους
990 1403 1045 1466 οὐκ
1059 1401 1219 1483 ἐλαχίστην
1228 1399 1402 1481 κατέστησε.
1408 1419 1445 1472 lo

290 1514 411 1591 συχνῶν
430 1509 461 1572 de*
479 1509 547 1592 περὶ
564 1515 619 1571 τοῦ
633 1505 785 1589 Ἀντιόχου
805 1505 1051 1592 θρυλλουμένων,
1068 1508 1198 1568 καὶτῶν
1214 1502 1271 1583 μέν
1287 1500 1334 1566 ότι
1349 1501 1405 1583 τήν

288 1609 423 1675 Ἔλλόόα
441 1617 543 1674 πᾶσαν
560 1609 620 1694 ήδη
639 1611 756 1690 κατέχει
764 1657 774 1686 ,
801 1615 862 1672 τῶν
881 1608 914 1672 tl’
938 1606 985 1670 ότι
1002 1608 1050 1670 ἐπὶ
1067 1607 1123 1691 τήν
1136 1606 1274 1672 Ἰταλίαν
1291 1605 1403 1687 ἐπείγε-

291 1739 341 1777 ται
360 1711 598 1795 λογοποιοόντων
607 1759 617 1788 ,
645 1712 673 1775 oi
686 1709 838 1793 Ῥωμαῖοι
855 1710 997 1795 πρέσβεις
1014 1713 1056 1786 είς
1072 1709 1128 1792 τήν
1140 1705 1275 1774 Ἑλλάδα
1291 1705 1404 1784 ἄλλους

246 1821 272 1872 D
291 1841 323 1879 τε
348 1817 399 1877 καὶ
427 1816 598 1892 Φλαμίνιον
622 1815 737 1889 οέκείως
763 1812 867 1889 αὐτοῖς
894 1811 1002 1893 ἐχοντα
1026 1812 1177 1890 ἐστειλαν,
1203 1808 1287 1886 ὅπως
1302 1808 1355 1874 τόν
1372 1836 1403 1874 τε

292 1917 445 1980 Φίλιππον
470 1917 520 1978 καί
544 1917 672 1992 ἐκείνους
695 1918 802 2001 ἐπίσχῃ
817 1917 914 1998 μηδὲν
932 1923 1122 1998 νεοχμῶσαι,
1146 1918 1197 1979 καὶ
1215 1912 1442 1998 στρατηγοόςλίι

290 2016 427 2102 Μάρκον
448 2017 504 2098 μέν
528 2021 658 2100 Βαίβιον
683 2022 725 2094 είς
738 2019 959 2100 Ἀπολλωνίαν,
992 2021 1019 2082 εί
1034 2015 1131 2103 ταότῃ
1149 2016 1253 2099 ἐςτήν
1266 2017 1402 2080 Ἰταλίαν

290 2126 501 2204 περαιωθῆναι
528 2119 704 2202 τολμήσειεν
729 2119 745 2184 ό
766 2121 918 2202 Ἀντίοχος
923 2169 934 2200 ,
964 2114 1072 2185 Αόλον
1089 2121 1124 2185 δέ
1137 2120 1264 2185 Ἀτίλιον
1284 2121 1333 2184 lut
1350 2118 1403 2184 τόν

289 2221 403 2302 Νάβιν.
455 2228 506 2286 καὶ
524 2215 613 2300 οὗτος
629 2225 685 2306 μέν
710 2223 798 2288 oridia
822 2223 949 2306 ἐπραξεν
971 2223 1072 2310 (ἔφθη
1096 2223 1156 2310 γὰρ
1182 2220 1318 2302 όΝιίβις
1339 2219 1401 2284 eut

290 2332 351 2389 τῶν
369 2328 520 2391 Αέτωλῶν
538 2331 672 2412 φθαρεές
689 2327 721 2404 ἐξ
739 2329 912 2407 ἐπιβουλῆς,
938 2329 988 2390 καὶ
1005 2323 1166 2410 ήΣπόρτη
1184 2323 1247 2409 ito
1261 2321 1320 2387 όπό
1339 2328 1400 2387 τῶν

285 2427 449 2512 Ἀχαιῶν),
476 2426 492 2492 ό
519 2431 553 2494 δέ
577 2431 708 2510 Βαίβιος
733 2431 784 2494 καί
809 2427 826 2494 ό
846 2432 999 2505 Φίλιππος
1023 2430 1124 2494 πολλὰ
1148 2436 1203 2511 τῆς
1228 2427 1445 2502 &recollectio

289 2531 525 2611 ἐβεβαιῶσιιντο.
563 2544 630 2608 ταῖς
647 2532 706 2618 γὰρ
725 2532 802 2616 πρός
819 2531 892 2607 rotie
904 2528 1080 2613 Ῥωμαίους
1095 2529 1271 2615 ὁμολογίαις
1288 2528 1305 2596 ό
1323 2533 1403 2594 Mot-

360 2721 432 2774 tte
469 2721 511 2788 θή
527 2719 720 2792 καταβόληται
737 2724 770 2780 Α.
829 2725 863 2780 13
879 2721 920 2788 τίς
935 2718 1126 2792 τὴνἙλλάδα
1143 2743 1188 2780 orn
1201 2724 1235 2779 A.
1290 2725 1325 2780 17
1341 2717 1400 2777 cirl-

360 2791 459 2921 ήηηλνωή
473 2789 519 2912 ξ,
535 2791 661 2844 Αττίλιον
678 2790 745 2844 PW.
851 2787 913 2861 let]
929 2792 979 2846 καί
996 2787 1043 2847 let
1059 2796 1093 2849 A.
1205 2795 1241 2849 20
1259 2797 1322 2856 τοῖς
1337 2795 1401 2846 ileo·

396 3026 524 3080 Formae.
561 3029 625 3097 Cap.
645 3028 688 3084 19.
725 3028 824 3083 Dionia
846 3031 984 3086 Historiae
1008 3031 1149 3086 Romanoa
1163 3015 1232 3086 'tlte
1254 3030 1401 3102 deperditi:

360 3105 517 3165 eucarpium
537 3097 735 3151 Peirercionum
752 3099 795 3155 68·

288 3263 400 3334 perinde
424 3264 602 3331 auscultavit,
628 3283 739 3334 eumque
757 3275 909 3338 suspectum
927 3269 1022 3324 hebuit
1038 3272 1071 3324 ob
1088 3287 1187 3324 meana
1204 3287 1261 3322 cum
1278 3267 1400 3338 Scipione

289 3334 427 3403 colloquia,
441 3332 495 3414 iam
514 3343 591 3385 antea
610 3352 715 3403 quoque
733 3354 825 3405 parum
843 3348 961 3405 gratum,
980 3341 1051 3409 quod
1070 3340 1155 3392 omnia
1171 3340 1283 3392 consilia
1300 3337 1400 3390 Hanni-

287 3403 344 3456 bali
363 3402 595 3464 adscriberentur,
623 3406 734 3457 omnium
752 3423 815 3473 epea
831 3407 896 3458 belli
913 3409 964 3460 rite
982 3408 1139 3461 conficiendi
1161 3409 1194 3460 ab
1212 3425 1245 3460 eo
1263 3407 1400 3476 penderet.

290 3473 324 3524 ob
343 3472 408 3522 haec
424 3471 546 3523 invidens
563 3469 715 3538 Hannibali,
732 3474 820 3527 timuit
838 3493 871 3526 ne
888 3486 1021 3543 potestate
1038 3477 1102 3530 duta
1119 3485 1273 3530 moueatur·
1309 3476 1400 3542 itaque

290 3555 340 3590 nec
365 3540 508 3592 exercitum
532 3541 608 3592 dedit
633 3559 681 3594 nec
706 3544 893 3613 Carthaginem
917 3563 973 3598 eum
991 3547 1094 3599 remiait
1111 3563 1196 3614 neqm
1213 3546 1242 3598 in
1261 3545 1400 3598 arctiorem

288 3606 494 3660 familiaritatem
520 3609 643 3676 admisit,
668 3613 716 3663 aad
741 3612 774 3664 de
798 3613 927 3666 industria
953 3615 979 3666 id
1000 3615 1057 3684 egit
1079 3623 1110 3668 ut
1134 3615 1200 3668 nibil
1217 3615 1274 3668 einr
1292 3611 1400 3666 consilio

186 3699 188 3706 ι
289 3687 393 3741 geatam
412 3691 469 3728 erae
486 3676 631 3733 videretur.
1340 3722 1347 3728 -

307 3809 313 3822 ¹
336 3809 343 3824 υ
388 3741 454 3825 .¹⁹·.
476 3745 556 3825 rene
574 3764 652 3814 porro
670 3747 703 3798 de
715 3746 846 3802 Antiocho
864 3749 975 3802 maxima
986 3749 1084 3802 Romae
1101 3750 1162 3817 luit,
1180 3747 1301 3818 aequale
1313 3764 1402 3804 curem

291 3815 396 3892 civitati
421 3817 664 3894 minimamuattulit.
700 3817 733 3868 de
752 3835 804 3885 quo
823 3837 880 3871 cum
898 3821 979 3872 multa
995 3821 1164 3885 dicerentur,
1184 3827 1264 3889 atque
1279 3816 1324 3869 alii
1342 3833 1402 3869 euru

257 3903 261 3911 ·
290 3887 440 3959 tamttotam
459 3882 600 3934 Graeciam
618 3883 736 3937 obtinere
753 3887 797 3938 alii
810 3887 837 3939 in
855 3888 958 3939 ltaliam
976 3905 1119 3957 properare
1135 3889 1330 3952 fabularentur,
1345 3885 1403 3942 lto·

291 3963 359 3998 mani
378 3964 435 3999 cnm
452 3949 518 4002 aliae
537 3951 656 4032 legatos,
683 3965 736 4008 tum
754 3955 908 4008 Flaminium
926 3956 953 4008 in
971 3957 1129 4023 Graeciam,
1154 3965 1184 4010 ut
1207 3965 1235 4008 et
1250 3953 1402 4025 Philippum

292 4023 321 4066 et
339 4025 459 4082 caeterae
478 4036 493 4070 a
512 4024 598 4071 studio
617 4039 744 4076 novarum
761 4041 848 4077 rerum
865 4042 912 4092 pro
932 4024 1047 4077 amicitia
1064 4025 1261 4090 dehortaretur,
1279 4030 1308 4076 et
1325 4039 1402 4092 prae·

293 4092 368 4166 torae
392 4085 428 4139 hl.
447 4087 570 4140 Baebium
591 4089 767 4158 Apolloniam,
796 4093 820 4144 ei
838 4094 983 4146 Antiochus
1004 4092 1042 4146 ibi
1066 4093 1191 4147 traiicere
1215 4092 1345 4158 auderat,
1367 4089 1401 4144 Α.

293 4153 402 4206 Atilium
429 4156 557 4208 adversus
581 4159 709 4212 Nabidem
734 4161 869 4213 micarunt.
905 4170 934 4215 et
947 4162 992 4215 hic
1008 4162 1112 4232 quidem
1129 4163 1194 4216 nibil
1211 4161 1279 4230 egit,
1296 4157 1403 4214 Nabide

292 4221 344 4274 iam
367 4241 414 4306 per
430 4223 540 4277 insidiae
558 4227 592 4278 ab
610 4227 710 4284 Aetolia
729 4240 863 4300 [retempto
882 4233 1034 4302 Spartaeque
1051 4233 1086 4286 ab
1103 4231 1218 4285 Achaeie
1234 4235 1330 4299 captor
1353 4225 1403 4280 aad

291 4289 408 4346 Baebroa
426 4305 454 4350 et
470 4295 607 4368 Philippus
623 4297 705 4352 multa
720 4299 779 4354 loca
797 4298 953 4355 Tbearaliaa
969 4301 1114 4359 firmarunt.
1133 4300 1245 4355 Macedo
1263 4297 1332 4354 enirn
1348 4304 1403 4351 tum
