3134 4909
236 213 312 285 κιο
599 214 772 314 mamus
794 213 991 280 zoninus

236 387 371 475 δημοσίρ
387 383 524 468 ἔβαψαν,
541 389 586 474 τῷ
603 385 637 450 δι’
657 385 812 475 Οὒερμίνηι
827 383 884 468 τὴν
900 381 1058 464 βασιλείαν
1073 389 1129 446 τοῦ
1145 380 1264 468 πατρὸς
1279 383 1347 449 ἒπε-

237 488 379 575 κάριοσαν
397 491 446 552 καί
466 488 538 565 τοδς
555 489 767 575 ζωγρηθέντας
783 485 937 569 Νομάδας
952 487 1142 571 ἐχαρίσαντο.

342 589 382 656 Oi
409 592 442 656 δὲ
471 589 678 676 Καρχηδόνιοι
708 593 775 676 περὶ
804 592 945 656 σπονδῶν
970 582 1276 673 ἐπικηρυκευσάμενοι
1302 593 1345 678 τῷ

194 713 220 764 1)
238 695 384 758 Σκιπίωνι
397 690 544 781 χρήματά
561 721 593 776 τε
610 691 705 771 εὐθὺς
721 693 832 760 ἔδοσαν
848 695 899 757 καί
916 691 988 768 τοὺς
1004 687 1220 773 αἰχμαλώτους
1232 687 1347 766 πάντας

235 795 394 862 ἀπέδωκαν
411 800 461 862 καί
479 794 555 885 ὑπὲρ
579 804 639 864 τῶν
664 803 776 862 λοιπῶν
799 797 963 881 πρεσβείαν
987 797 1029 870 εἰς
1053 793 1108 876 τὴν
1127 790 1247 876 Ῥώμην
1271 793 1371 861 ἆσέ-δ

235 906 363 964 στειλαν.
415 899 486 976 τοὺς
513 901 551 964 δέ
563 925 597 984 ys
614 901 755 986 πρέσβεις
772 899 801 964 oi
815 895 960 982 Ῥωμαῖοι
978 894 1045 962 τότε
1062 897 1098 960 οὐ
1117 896 1347 980 προοεδίξαντο,

235 1003 368 1086 λέγοντες
386 1001 442 1066 οὐκ
460 999 534 1066 εἶναι
553 1000 679 1088 πάτριον
697 1003 785 1088 σφίσι
804 1000 1017 1086 στρατοπίδων
1031 1001 1063 1063 ἓν
1075 1005 1114 1085 τῇ
1127 999 1240 1088 Ἰταλίη
1252 997 1346 1062 ὄντων

234 1109 293 1169 τισί
319 1107 481 1190 πρεσβείαν
505 1105 690 1190 προσίεσθαι
716 1107 748 1182 ἓξ
773 1105 875 1170 αὐτῶν
892 1105 943 1167 καί
957 1104 1153 1188 χρηματίζειν
1168 1100 1245 1187 ὑπὲρ
1263 1098 1346 1186 εδρηε

234 1233 297 1290 νης.
349 1206 477 1292 ὕστερον
495 1207 546 1286 δέ,
574 1203 749 1294 ἀπάραντος
765 1214 821 1272 τοῦ
838 1232 870 1272 τε
883 1206 1020 1287 Ἀννίβου
1038 1207 1089 1270 καί
1106 1211 1162 1270 τοῦ
1177 1208 1347 1287 Μαγῶνος,

235 1307 327 1394 λάχου
354 1312 440 1396 σφίσι
456 1311 630 1394 μετίδωκαν
647 1312 697 1374 καί
716 1311 909 1396 ἐψηφίσαντο
927 1307 984 1386 τάς
999 1306 1145 1383 σπονδάς.
1196 1304 1388 1394 &excipe-1⁰

235 1438 293 1477 σαν
313 1413 346 1477 δι’
363 1421 417 1498 τῆς
438 1412 567 1489 Ἰταλίας
584 1413 600 1476 δ’
618 1439 648 1478 τε
667 1407 807 1494 Ἀννίβας
824 1415 874 1477 καί
893 1409 909 1476 ὁ
927 1412 1052 1496 Μαρῶν
1069 1411 1105 1476 οὗ
1123 1410 1177 1476 διὰ
1194 1410 1248 1493 τὴν
1266 1408 1346 1491 σάμ-

232 1521 336 1595 βασιν,
362 1515 441 1580 ἀλλὰ
459 1517 536 1602 πρὸς
553 1515 606 1581 τδν
623 1517 701 1581 ollem
718 1514 850 1596 πόλεμον
868 1512 1062 1599 ἐπειγόμενοι.

18 1649 19 1656 “
110 1633 155 1689 ΡΙ
167 1636 218 1693 441
342 1619 381 1684 Oi
406 1618 440 1682 δ’
468 1619 499 1682 ἐν
523 1625 561 1702 τῇ
577 1617 688 1703 Λιβύη
710 1616 915 1703 Καρχηδόνιοι
939 1617 1010 1683 οὐδὲ
1032 1613 1180 1703 πρότερον
1196 1611 1346 1698 εἰρηναῖόν

235 1745 264 1784 τι
283 1727 483 1806 φρονοῦντες,
509 1721 560 1782 καὶ
586 1723 652 1804 περί
678 1723 817 1786 σπονδῶν
843 1723 890 1786 ἐπὶ
916 1727 956 1806 τῇ
978 1727 1033 1786 τοῦ
1053 1716 1169 1806 χρόνον
1186 1723 1278 1803 τριβῇ
1295 1715 1347 1780 διδ

234 1821 291 1903 τὴν
307 1829 361 1886 τοῦ
382 1824 520 1903 Ἀννίβου
539 1825 708 1908 παρουσίαν
725 1821 1030 1910 ἐπικηρυκευσάμενοι
1040 1871 1051 1900 ,
1077 1819 1119 1899 ῶς
1135 1821 1188 1886 τδν
1207 1820 1346 1900 Ἀννίβαν
1354 1831 1386 1885 lo

235 1921 440 2008 πλησιάζοντα
466 1924 596 2007 ἔμαθον,
630 1924 859 2011 ἀνεθάρσησαν,
885 1929 935 1990 καὶ
963 1927 1106 1991 ἐπέθεντο
1132 1931 1176 2010 τῷ
1201 1926 1345 1987 Σκιπίωνι

235 2026 313 2092 κατά
338 2035 394 2112 γῆν
418 2053 449 2093 τε
475 2031 526 2093 καί
551 2027 629 2094 κατά
647 2027 823 2096 θάλασσαν.
874 2030 1012 2095 κάκείνου
1029 2033 1097 2112 περὶ
1115 2023 1224 2092 τοάτου
1244 2026 1346 2104 αὐτοῖς

235 2129 469 2214 ἔχκαλίσαντος,
496 2129 565 2198 οὔτε
588 2128 711 2216 μίτριάν
735 2159 766 2198 τι
789 2140 853 2209 τοῖς
876 2132 1038 2218 πρέσβεσιν
1056 2130 1252 2216 ἀπεκρίναντο
1258 2178 1269 2206 ,
1295 2129 1345 2192 καὶ

138 2275 139 2280 1
234 2230 457 2313 ἐπεβούλευσαν
481 2234 584 2310 αὐτοῖς
611 2233 836 2301 ἄποπλεάσασι·
870 2237 922 2299 καὶ
948 2237 975 2298 εἰ
999 2232 1044 2317 μὴ
1071 2239 1189 2314 πνεῦμα
1214 2231 1345 2313 τυχαίως
1425 2218 1430 2227 ’

179 2352 183 2360 “
235 2335 358 2417 συμβάν
383 2335 486 2414 adonio
509 2334 694 2420 ἐβοήθησεν,
720 2335 878 2404 ἀπῶλοντο
904 2336 952 2402 άν.
1003 2335 1078 2401 ὅθεν
1101 2338 1153 2399 καί
1176 2333 1389 2403 δΣκιπίωνλο

234 2437 266 2502 δν
289 2437 387 2526 τοάτῳ
411 2445 464 2522 τῆς
488 2439 599 2527 ψήφου
624 2445 679 2522 τῆς
702 2443 770 2526 περὶ
794 2447 850 2523 τῆς
875 2437 995 2527 εἰρήνης
1021 2438 1222 2521 κομισθείσης
1246 2437 1345 2503 odedu

88 2549 123 2600 W
140 2551 168 2605 Π
183 2551 219 2608 96
236 2538 332 2624 αὐτὴν
349 2538 521 2625 ἐποιήσατο.
574 2543 602 2607 oi
629 2533 682 2606 οὖν
700 2539 908 2630 Καρχηδόνιοι
925 2543 978 2607 τδν
996 2542 1053 2623 μὲν
1070 2545 1215 2625 Μαγῶνα
1231 2543 1274 2617 είς
1290 2539 1345 2622 τὴν

304 2763 381 2823 aot
398 2763 430 2822 dl
454 2797 489 2808 -
514 2771 547 2824 10
572 2765 623 2832 τάς
645 2768 770 2834 σπονδάς
793 2771 888 2824 Dionis
911 2778 1066 2844 excerptum
1087 2768 1258 2824 Ursinianum
1283 2767 1344 2823 153.

305 2835 478 2906 indeptos]
504 2835 572 2903 πρὶν
594 2839 628 2892 Α.
749 2841 784 2893 10
800 2837 890 2908 λόγων
907 2841 940 2898 Δ.
1064 2841 1097 2896 13
1115 2835 1245 2905 εἰρηναῖα
1262 2855 1292 2890 τε
1309 2837 1343 2895 Α.

306 2907 339 2960 16
356 2899 491 2960 ἐπέθεντο
510 2907 550 2976 τῷ
566 2939 599 2948 -
617 2909 653 2963 22
669 2903 759 2978 αδτὴν
778 2903 929 2977 ἐποιήσατο
947 2909 1040 2962 Dionis
1056 2927 1121 2964 exce
1154 2912 1210 2960 tum
1222 2907 1345 2960 Ursinis·

306 2991 365 3030 num
382 2977 441 3031 164.
513 2979 547 3035 17
562 2995 592 3032 ss
609 2995 651 3032 om
668 2981 702 3036 (l.
770 2973 1017 3032 sotdalterumosn
1028 2980 1062 3032 Α.
1151 2971 1294 3039 Ιτοάτοις
1309 2976 1342 3030 Δ.

231 3186 342 3302 ρεστορε
374 3179 513 3236 Verminae
541 3189 677 3252 paternum
707 3199 816 3252 reguum
844 3183 1046 3249 mulirmarunt,
1075 3180 1190 3252 captivis
1221 3180 1344 3234 Numidis

250 3265 299 3302 ono
335 3249 397 3302 atis.
670 3274 674 3280 ⁴

335 3317 568 3384 Carthaginienses
583 3328 670 3372 autem
683 3319 902 3372 caduceatoribus
918 3320 952 3374 de
965 3307 1034 3388 pace
1050 3317 1138 3372 missis
1155 3317 1245 3371 stetim
1262 3333 1344 3387 pecu·

231 3383 300 3439 niam
318 3388 436 3454 Scipioni
454 3387 600 3451 dederunt,
619 3387 789 3458 captivisque
807 3389 925 3441 omnibus
943 3387 1064 3452 redditis,
1081 3387 1194 3440 caeteris
1212 3386 1341 3440 derebus

230 3454 336 3523 legatos
353 3456 460 3508 Romam
479 3457 614 3508 miserunt.
650 3456 765 3524 quitum
783 3475 800 3509 a
815 3459 940 3512 Romanis
960 3457 1067 3510 admissi
1091 3473 1143 3509 non
1160 3462 1239 3510 sunt:
1263 3471 1343 3524 nega·

231 3522 297 3574 hant
314 3524 381 3576 enisu
400 3523 480 3576 moris
498 3524 623 3576 maiorum
643 3543 702 3578 asse
724 3535 754 3578 ut
777 3544 867 3580 eorum
892 3527 925 3578 da
948 3544 1014 3597 pace
1038 3526 1141 3608 legatos
1159 3525 1280 3577 audirent
1296 3523 1342 3606 qui

231 3599 319 3644 castra
337 3593 466 3644 haberent
484 3593 511 3644 in
529 3593 616 3647 ltalia.
645 3601 708 3664 post
725 3593 871 3649 discessum
887 3605 973 3648 autem
989 3594 1147 3648 Hannibalis
1164 3603 1193 3646 et
1211 3593 1341 3660 Magonss,

230 3659 264 3711 iis
286 3659 395 3724 auditis,
419 3661 492 3728 panis
516 3661 685 3717 condiciones
709 3672 879 3734 acceperunt.
914 3663 952 3716 illi
968 3681 1048 3732 porro
1066 3663 1144 3717 ltalia
1161 3667 1341 3725 excesserunt,

230 3743 282 3779 non
301 3735 413 3798 propter
429 3730 647 3800 pacificationem,
665 3733 713 3786 sed
731 3733 764 3786 ad
783 3734 878 3788 bellum
897 3733 1064 3786 domesticum
1081 3737 1265 3814 properantes.

334 3799 372 3850 At
388 3797 636 3868 Carthaginienses,
661 3817 717 3854 oum
742 3802 816 3872 prius
839 3803 919 3855 etium
941 3818 1032 3871 pacem
1055 3802 1160 3855 manime
1183 3799 1343 3867 cogitarant,

231 3880 281 3916 neo
308 3881 364 3918 eam
387 3865 438 3918 alio
464 3869 572 3922 consilio
596 3869 815 3940 petiissentnisi
840 3877 869 3923 ut
893 3878 996 3938 tempus
1018 3876 1139 3923 tererent
1161 3869 1221 3922 dum
1237 3867 1343 3919 venirat

231 3932 379 4001 Hannibal,
407 3937 463 3987 eius
489 3939 605 3992 adventu
628 3940 743 3992 recreati
767 3939 917 4008 Scipionem
939 3945 1012 3990 terra
1034 3938 1152 4007 marique
1175 3938 1340 3990 invaserunt.

231 3999 274 4054 illo
293 4019 356 4054 vero
375 4007 573 4073 expostulante,
599 4025 685 4076 neque
707 4007 846 4077 quicquam
871 4004 1000 4058 moderati
1022 4005 1118 4074 legatis
1139 4006 1344 4077 responderunt,

231 4079 259 4123 et
275 4073 403 4126 abeuntes
418 4090 470 4156 per
486 4075 595 4129 insidias
613 4075 790 4142 occidissent,
816 4075 869 4127 nisi
893 4075 1004 4128 fortuito
1031 4086 1111 4130 vento
1135 4083 1228 4128 exorto
1253 4081 1343 4127 essent

231 4143 391 4195 conservati.
416 4141 509 4212 ntaqn'a
526 4145 616 4215 Scipio
634 4143 888 4196 senatusconsultum
906 4143 940 4196 de
957 4160 1024 4213 pace
1041 4145 1144 4197 interim
1163 4144 1271 4196 allatum
1289 4159 1342 4195 nou

232 4216 317 4262 ratum
338 4212 436 4267 habuit.
474 4212 708 4280 Carthaginienses
731 4229 797 4266 vero
814 4213 928 4281 Magone
946 4212 973 4264 in
990 4211 1221 4268 ltaliam-remisso
1238 4211 1342 4265 Hauni-
