3134 4909
517 280 924 351 ,εππιασαππια
1014 323 1018 333 -
1098 226 1151 275 ⁸
1209 287 1285 366 ora

176 456 194 525 ὃ
212 456 412 545 Ἀρταξέρξης
428 444 517 531 ούτος
532 454 590 521 σύν
606 464 671 531 τοῖς
686 454 826 539 Πέρσαις
842 456 1017 543 κατέτρεχε,
1043 461 1092 523 καὶ
1117 458 1292 549 ἐπολιόρκει,

176 560 232 643 τήν
248 561 384 642 Νίσιβιν.
437 555 453 624 ὃ
476 559 580 642 μέντοι
600 558 798 643 Ἀλέξανδρος
815 550 903 637 ούτος
920 562 1060 646 πρέσβεις
1077 562 1194 647 έπεμψε
1210 567 1288 653 πρὸς

177 663 271 731 αὐτὸν
298 662 417 749 εἰρήνην
447 665 551 729 αἰτῶν.
603 658 620 725 ύ
650 662 684 727 δέ
709 660 870 748 βάρβαρος
895 664 952 746 τήν
980 666 1142 751 πρεσβείαν
1167 670 1223 751 μέν
1250 670 1326 736 ούΒ

177 764 372 853 προσήκατο,
398 765 514 851 ἀνδρας
538 766 572 829 δέ
593 766 753 849 μεγίστους
774 768 989 851 τετρακοσίους
1011 772 1203 837 πολυτελέσιν
1225 772 1288 857 ἀμ·

152 872 288 959 ὁφιίσας
309 876 431 946 στολαῖς
452 872 504 934 καὶ
524 870 631 945 ’ίπποις
652 875 714 933 τῶν
736 868 881 954 ἐκκρίτων
904 869 1085 951 ἐπιβιβάσας
1106 876 1158 936 καλ
1181 873 1288 954 ὅπλοις
1376 928 1379 933 .

177 972 336 1057 κοσμήσας
358 978 509 1057 λαμπροῖς
532 971 650 1054 έπεμψε
674 971 753 1056 πρὸς
776 971 830 1037 τὸν
851 972 1059 1061 Ἀλέξανδρον,
1086 972 1166 1041 ούτω
1191 1004 1288 1044 κατα-

177 1075 301 1161 πλήξειν
317 1075 410 1142 αύτόν
426 1101 458 1140 τε
474 1078 525 1140 καί
542 1075 614 1151 τοὺς
625 1072 795 1155 Ῥωμαίους
812 1072 957 1158 οἰόμενος.
994 1078 1028 1141 ολ
1040 1078 1219 1163 ἀφικόμενοι
1236 1086 1287 1147 καλ

178 1186 222 1258 είς
237 1179 313 1264 ὄψιν
329 1178 472 1256 ἐλθόντες
489 1185 533 1266 τῷ
551 1176 740 1265 Ἀλεξάνδρῳ
762 1175 897 1243 “κελεύει
915 1176 931 1245 ὅ
947 1182 1043 1264 μέγας
1057 1185 1203 1263 βασιλεὺς
1216 1185 1288 1269 Ἀρ-

178 1284 345 1371 ταξέρξης”
366 1280 448 1348 είπον
468 1279 687 1370 “ἀφίστασθαι
703 1278 871 1363 Ῥωμαίους
888 1286 1003 1375 Συρίας
1019 1289 1068 1349 καὶ
1086 1293 1140 1369 τῆς
1157 1286 1289 1352 ἀντικειι

137 1380 179 1458 lii
179 1389 271 1471 μένης
286 1395 325 1473 τῇ
337 1385 471 1472 Εὐρώπῃ
484 1386 587 1461 Ἀσίας
603 1383 713 1487 πάοῃς,
730 1388 780 1449 καὶ
798 1395 1020 1471 παραχωρῆσαι
1031 1390 1170 1475 Πέρσαις
1184 1390 1288 1478 ἀρχειν

177 1493 266 1576 μίχρι
282 1488 480 1573 &ultianus-’²
533 1486 661 1564 τούτους
678 1488 840 1569 συλλαβὼν
859 1485 875 1553 ὁ
895 1490 1108 1575 Ἀλέξανδρος,
1134 1496 1183 1557 καὶ
1203 1520 1289 1582 περι-

179 1594 276 1671 δύσας
292 1593 330 1659 τά
348 1592 428 1659 ὅπλα
444 1596 494 1657 καὶ
512 1592 569 1669 τάς
585 1589 712 1670 στολάς,
737 1589 926 1677 ἀφελόμενός
941 1620 973 1658 τε
996 1595 1067 1671 τούς
1088 1598 1219 1676 λ’ππους,
1245 1601 1287 1675 είς

179 1695 285 1780 κιύμας
309 1701 452 1773 πλείστας
477 1698 625 1783 διέσπειρε
652 1698 702 1760 καί
729 1693 878 1780 ήνάγκαζε
903 1708 1061 1783 γεωργεῖν·
1089 1709 1199 1764 κτεῖναι
1226 1702 1327 1788 γάρο

172 1800 293 1877 ,αύτούς
310 1800 365 1874 οὔκ
382 1798 494 1886 έκρινεν
510 1798 604 1865 ὅσιον.
656 1798 750 1874 αύτάς
777 1801 810 1863 tt
834 1800 872 1863 τά
896 1802 992 1865 οέκεῖα
1016 1799 1230 1887 στρατεύματα
1248 1809 1291 1882 είς

138 1915 260 1991 Ιότρεῒς
276 1904 383 1968 διελὼν
400 1904 512 1989 μοίρας
534 1909 623 1989 τριχῆ
647 1912 710 1977 τοῖς
726 1903 866 1987 Πέρσαις
888 1904 1069 1989 προσέβαλε.
1120 1910 1171 1971 καὶ
1195 1908 1289 1985 πολύς

178 2009 235 2091 μέν
250 2014 311 2073 τῶν
327 2010 459 2090 Περσῶν
475 2007 667 2089 συμβέβηκεν
683 2003 815 2089 ὄλεθρος
821 2054 830 2083 ,
856 2011 990 2071 πλεῖστοι
1014 2010 1049 2072 δέ
1072 2011 1122 2072 καλ
1140 2017 1200 2075 τῶν
1214 2007 1291 2076 Ῥω-

178 2113 279 2195 μαίων
301 2107 495 2197 ἐφθάρησαν,
523 2109 559 2175 ού
583 2116 729 2175 τοσοῦτον
751 2104 811 2173 ύπό
837 2116 898 2174 τῶν
921 2094 1072 2193 πολεμίων
1096 2111 1169 2179 ὅσον
1191 2114 1223 2178 ἐν
1247 2120 1292 2202 τῷ

179 2214 331 2280 ἐπανιέναι
348 2214 401 2279 ιλιά
417 2220 479 2280 τῶν
495 2220 549 2297 τῆς
566 2212 726 2297 Ἀρμενίας
741 2212 832 2297 ἀρῶν.
885 2215 1090 2296 δυσχειμέρων
1112 2216 1171 2301 γὰρ
1196 2214 1292 2282 ὄντων

179 2315 296 2383 τούτων
313 2316 342 2380 ολ
358 2324 418 2381 τῶν
443 2312 687 2395 ὁδοιπορούντων
708 2312 816 2389 πόδες,
842 2313 927 2378 ἐνίων
951 2318 984 2379 (li
1006 2319 1056 2380 καί
1082 2316 1114 2378 αλ
1133 2327 1233 2404 χεῖρες
1256 2320 1290 2383 ἐκ

138 2426 238 2489 toroni
253 2416 375 2500 ψύχὸυς
391 2413 691 2501 ήκρωτηριάσθησαν
706 2420 907 2497 μελανθεΐσαι
924 2420 975 2481 καί
992 2424 1202 2503 νεκρωθεῖσαι.
1241 2420 1290 2485 διὸ

182 2524 233 2586 καί
249 2522 286 2585 ἐν
299 2524 382 2610 αι’τίρι
393 2516 554 2603 Ῥωμαίοις
569 2518 688 2603 γέγονεν
705 2514 721 2582 ὁ
739 2518 947 2603 Ἀλέξανδρος.
998 2518 1073 2585 ὅθεν
1095 2522 1128 2599 ἐξ
1152 2522 1292 2605 ἀθυμίας

181 2623 202 2707 ἢ
221 2628 272 2689 καὶ
289 2622 349 2688 ἀπὸ
367 2629 421 2705 τῆς
436 2630 498 2689 τῶν
515 2623 612 2707 ἀέρων
629 2625 796 2705 ἐναλλαγής
812 2618 936 2707 σφόδρα
953 2622 1103 2707 ἐνόσησεν.
1151 2626 1291 2711 ἀναρρω-

181 2732 270 2804 σθεὶς
286 2729 319 2792 δέ
335 2729 445 2804 καλεῖς
462 2728 493 2789 Γ
490 2726 640 2810 ερμανούς
661 2725 804 2807 ἐμβαλών
829 2724 872 2789 δι’
892 2720 1074 2793 ἀκοντιστῶν
1091 2732 1140 2793 καί
1158 2734 1289 2807 τοξοτῶν
1305 2733 1330 2787 l)

181 2829 284 2897 ἐλύπει
301 2828 422 2907 αύτούς.
472 2831 588 2895 στίλλει
611 2830 645 2893 δέ
668 2830 718 2893 καί
742 2829 819 2915 πρὸς
843 2828 954 2907 αύτούς
971 2833 1111 2919 πρέσβεις
1127 2836 1194 2919 περὶ
1212 2860 1292 2916 συμ·

249 3020 313 3114 θές
329 3025 362 3079 Β.
466 3022 500 3079 19
517 3018 550 3078 αλ
563 3024 616 3078 add
632 3024 665 3079 A.

183 3203 290 3250 anneta
314 3213 372 3249 eum
398 3196 510 3249 Niaibim
534 3196 682 3264 obsideret,
711 3194 862 3249 Alexander
886 3212 934 3265 per
957 3196 1059 3265 legator
1083 3213 1174 3266 paoem
1200 3199 1233 3251 ab
1259 3216 1292 3252 eo

182 3266 272 3337 petiit.
306 3266 434 3318 barbaros
460 3280 526 3315 vero
549 3265 681 3333 legatione
703 3266 843 3335 repudiata
866 3264 1071 3347 quadringentoa
1095 3267 1292 3335 procorieairooa

183 3332 1294 3459 iitnliltl:,.'nilttll‘tttntilli?ltilitt¹3tt20nl.⁰ti

183 3490 271 3526 rorem
288 3474 450 3525 incuaaurum
468 3478 573 3541 putant.
597 3436 641 3539 qu’i
658 3486 715 3521 curn
733 3470 760 3522 in
778 3470 945 3538 imperatoria
964 3480 1131 3543 conspectum
1149 3476 1294 3543 reniteant,

184 3544 310 3596 dixerunt
327 3536 423 3594 “iubet
445 3556 554 3608 magona
574 3554 623 3591 rex
638 3540 799 3592 Artaxerxae
817 3539 946 3593 Romanoa
963 3543 1058 3594 eadere
1075 3542 1155 3609 Syria
1181 3552 1209 3597 et
1234 3544 1295 3598 uni·

186 3628 266 3665 verae
283 3612 346 3664 Auia
363 3628 432 3681 quae
449 3611 582 3678 Europam
597 3616 716 3677 epectat,
742 3618 769 3661 at
785 3610 877 3661 Peraia
902 3610 1038 3677 imperium
1062 3628 1146 3681 unque
1169 3614 1203 3666 atl
1222 3630 1294 3667 mara

185 3675 356 3734 concedere?
373 3684 422 3733 hoa
433 3679 581 3743 Alexander
597 3676 798 3747 eompreheueoa
815 3690 843 3730 at
859 3678 980 3732 voatibue
998 3690 1078 3751 atque
1096 3681 1176 3740 urmie
1191 3691 1294 3752 exutae,

186 3750 365 3821 ademptiequa
389 3751 466 3818 aquia
493 3749 520 3801 in
545 3748 670 3819 plurimoa
693 3764 776 3817 pagna
800 3748 970 3815 diatributoe‚
998 3766 1076 3817 ορεστ
1101 3751 1188 3803 colere
1204 3750 1293 3804 iueeitr

185 3836 245 3874 uam
262 3835 308 3872 eoa
326 3819 446 3871 occidere
463 3820 539 3871 nolae
554 3834 615 3870 ease
632 3819 754 3885 putabat.
795 3834 828 3869 aa
850 3816 905 3869 e‘uie
928 3817 1075 3886 legionibus
1099 3819 1126 3871 in
1149 3826 1205 3873 trea
1232 3838 1295 3890 par-

185 3897 228 3944 tea
246 3888 399 3942 distributis
416 3888 542 3941 trifariam
561 3889 657 3938 Pereat
682 3894 723 3939 eat
739 3886 860 3938 adortae:
889 3902 996 3955 quorum
1021 3888 1095 3941 multi
1118 3898 1182 3941 suut
1205 3888 1295 3943 oociai.

185 3959 324 4029 perierunt
339 3956 450 4010 Romani
467 3974 572 4025 quoque
588 3955 706 4025 plurimi,
733 3972 784 4007 non
808 3962 861 4007 tan
879 3958 919 4009 ab·
932 3958 1051 4011 hostibus
1068 3973 1144 4025 quam
1163 3958 1189 4011 in
1207 3958 1303 4011 roditu'

186 4046 235 4097 per
249 4028 388 4081 Armeniae
405 4034 520 4079 monteee
545 4024 591 4093 qui
609 4042 666 4078 oum
683 4027 744 4092 gaiu
762 4024 878 4092 rigeant,
902 4027 1016 4079 euntium
1035 4029 1117 4095 pedae
1135 4034 1162 4078 et
1179 4044 1295 4095 quorun·

187 4097 247 4151 dom
272 4114 361 4151 manue
387 4104 450 4148 aunt
473 4096 626 4159 mutilatae,
650 4095 749 4163 frigora
772 4094 881 4145 adustae
904 4104 984 4163 atqua
1010 4103 1153 4148 emortuae.
1190 4112 1243 4163 qua
1260 4089 1293 4148 tle

188 4183 268 4220 etuea
286 4165 411 4220 Romania
430 4164 650 4234 conquerentibus
667 4163 817 4216 Alexander
834 4163 892 4215 sive
909 4180 942 4217 ex
961 4182 1078 4217 maerore
1095 4164 1153 4216 aiva
1172 4180 1204 4215 ex
1220 4165 1293 4221 airia

189 4237 334 4289 mutatione
350 4236 471 4303 graviter
487 4233 646 4301 aegrotavit.
682 4241 839 4302 recuperata
862 4232 1014 4285 valetudine
1038 4238 1130 4284 contra
1148 4234 1292 4288 Germanou

189 4314 232 4360 eat
246 4307 395 4376 proiectae,
417 4319 515 4375 eoaque
531 4318 579 4373 per
595 4304 752 4357 ferentarioa
768 4312 797 4358 et
813 4302 968 4371 eagittarioa
986 4301 1108 4373 νομιεῖτε
1132 4300 1227 4357 deiude
1244 4321 1293 4375 pa.
