3134 4909
262 297 337 391 σοι
622 294 1015 366 1osnn1szonsasn

258 473 293 539 τδ
311 474 450 558 πρᾶγμα.
501 469 564 534 ἐπεὶ
587 467 648 554 γὰρ
672 477 736 560 τοῖς
757 468 790 532 ἐν
811 472 851 553 τῇ
868 465 991 556 Σαλπίιγ
1014 462 1058 529 δι’
1075 458 1260 545 «αὖτομόλου
1277 464 1374 547 δῆθεν

259 567 297 660 ἦν
314 571 483 650 ἐπιστείλας
490 619 501 652 ,
534 569 577 650 ὡς
593 568 610 635 δ
627 569 816 658 Μάρκελλος
832 567 940 645 νυκτός
956 563 1083 654 προσῄει
1100 576 1164 643 τοῖς
1180 567 1309 648 τείχεσι,
1335 573 1375 653 τῇ

259 704 291 744 τε
303 682 364 742 τῶν
375 676 525 742 Λατίνων
542 675 723 760 κεχρημένος
740 678 830 760 φωνῇ
845 671 1024 776 σόαάλλοις
1040 670 1251 751 ἐπισταμένοις
1267 666 1374 753 αὐτήν,

258 784 312 846 ‘lvo
324 777 468 861 Ῥωμαῖοι
487 776 617 856 δόξωσιν
636 773 723 842 εἶναι.
773 773 932 858 μαθόντες
956 774 990 838 δέ
1014 774 1043 838 oi
1060 775 1218 856 Σαλπηνοί
1233 772 1290 854 τὴν
1307 775 1372 838 ἐπι-

260 883 397 966 τέχνησιν
427 881 522 950 adsoni
552 877 806 964 άντετεχνήσαντο
832 875 982 946 πιστεύειν
1008 875 1102 953 ὄντως
1132 875 1289 961 προσιέναι
1318 875 1397 943 abab

221 993 244 1048 B
260 983 459 1075 Μάρκελλον,
484 987 536 1050 καί
559 981 790 1060 ἀνασπάσαντες
806 981 859 1047 τδν
875 977 1089 1067 καταρράκτην
1107 977 1266 1064 είσὴγαγον
1281 976 1375 1054 ὅσους

261 1088 365 1165 adroic
382 1085 482 1164 έδοξευ
500 1087 623 1164 ἱκανοδς
640 1083 715 1151 εἶναι
733 1089 981 1170 κατεργασθῆναι
999 1083 1075 1169 παρ’
1095 1083 1207 1160 adedo,
1228 1083 1278 1146 uui
1296 1079 1374 1148 πάντ

259 1219 315 1270 τας
345 1191 532 1257 ἀπέκτειναν.
585 1187 602 1254 ό
630 1190 663 1253 δέ
688 1189 828 1270 Ἀννίβας
854 1187 970 1274 ἀπῆρεν
996 1185 1105 1254 αὐτίκα
1112 1234 1123 1266 ,
1158 1184 1273 1272 μαθὼν
1301 1183 1374 1260 τοδς

260 1294 411 1381 Λοκροὺς
433 1293 709 1382 πολιορκουμένους
733 1290 819 1379 παρά
840 1288 1000 1374 Ῥωμαίων
1025 1291 1058 1355 ἐκ
1075 1291 1216 1365 Σικελίας
1232 1289 1375 1353 ἐπιπλευ-

261 1393 391 1466 σάντων.
1381 1399 1418 1452 lo

272 1511 275 1518 ’
365 1499 429 1563 Καὶ
446 1496 607 1574 Πούπλιος
624 1498 657 1562 δέ
674 1499 856 1572 Σουλπίκιος
870 1493 949 1577 μετὰ
964 1497 1117 1560 Atratus
1134 1495 1186 1558 nui
1204 1490 1376 1576 συμμάχων

262 1581 372 1689 ἐτέρων
389 1583 489 1666 πολλὰ
506 1609 561 1685 τῆς
572 1601 696 1685 Ἀχαίας
712 1597 877 1684 ἐπόρθησε.
929 1597 1035 1662 τοῦδέ
1052 1597 1205 1661 Φιλίππου
1222 1603 1277 1661 τοῦ
1295 1599 1375 1661 Μα-

261 1703 384 1780 κεδόνος
400 1713 463 1780 τοῖς
488 1703 621 1784 Ἀχαιοῖς
637 1700 898 1786 συμμαχήσαντος
913 1706 1067 1776 παντελῶς
1091 1697 1130 1764 άν
1153 1706 1208 1781 τῆς
1227 1697 1376 1775 Ἑλλάδος

261 1803 459 1890 ἐξηλάθησαν
478 1805 507 1870 oi
519 1802 681 1887 Ῥωμαῖοι,
701 1808 727 1870 εί
741 1805 786 1889 μὴ
804 1811 859 1870 τοῦ
875 1800 1006 1890 κράνους
1022 1809 1077 1868 τοῦ
1087 1804 1251 1886 ,Φιλίππου
1268 1827 1375 1888 περιρ-

262 1909 385 1996 ρυέντος
402 1908 431 1972 oi
447 1912 586 1974 Αἰτωλοί
608 1915 698 1974 τοῦτο
721 1907 820 1992 ἴσχον,
846 1909 898 1972 καὶ
915 1904 1022 1994 φήμης
1038 1909 1080 1981 εἰς
1096 1905 1168 1982 τοδς
1184 1903 1416 1983 Μακεδόνας15

224 2011 423 2097 ογενομένης
440 2009 482 2088 ὡς
497 2011 641 2095 τέθνηκε,
668 2009 776 2087 στάσις
799 2037 833 2076 τε
855 2011 973 2096 γέγονεν
997 2011 1075 2088 ἐκεῖ,
1100 2012 1153 2074 καί
1168 2007 1313 2096 ἐφοβήθη
1329 2008 1374 2092 μὴ

262 2121 317 2198 τῆς
339 2116 497 2196 βασιλείας
522 2121 675 2202 στερηθῇ,
702 2117 752 2182 καί
770 2114 847 2201 πρδς
862 2114 1062 2179 Μακεδονίαν
1078 2111 1222 2196 ἠπείχθη.
1273 2114 1374 2178 ἐντεῦ-

262 2223 332 2284 θεν
347 2217 377 2282 οἱ
398 2213 544 2300 Ῥωμαῖοι
569 2224 609 2305 τῇ
632 2215 759 2302 Ἑλλάδι
785 2217 986 2305 προσέμειναν
1011 2217 1066 2280 καί
1087 2241 1178 2282 τινων
1205 2211 1374 2302 ἐκράτησαν

261 2316 389 2387 πόλεων.
739 2333 741 2338 ’

365 2427 422 2511 Τῷ
440 2421 473 2488 δ’
493 2418 607 2488 ἐπιόντι
623 2420 681 2489 ἐτει
699 2419 741 2500 ὡς
759 2414 980 2508 δἈοδροόβας
994 2419 1153 2506 ἠγγέλλετο
1172 2415 1317 2506 προσιόν,
1342 2419 1420 2486 cibo

263 2528 295 2592 ἐν
311 2533 350 2613 τῇ
362 2523 464 2611 Ῥιόμη
481 2524 537 2602 τάς
555 2522 699 2610 δυνάμεις
714 2551 747 2590 τε
763 2524 911 2611 ἤθροιζον
927 2526 979 2589 καί
996 2523 1067 2601 eosic
1084 2519 1268 2607 συμμάχους
1286 2529 1375 2611 σφῶν

263 2629 499 2712 μετεπέμποντο,
532 2623 668 2704 δπάτους
696 2625 853 2694 Κλαόδιόν
876 2653 909 2694 τε
933 2628 1064 2714 Νέρωνα
1087 2629 1139 2692 καί
1161 2625 1296 2693 Λιοάϊον
1321 2627 1376 2694 τόν

264 2728 402 2818 Μάρκον
427 2724 574 2812 ἑλόμενοι.
625 2733 675 2796 καί
694 2732 824 2819 Νέρωνα
845 2732 902 2815 μέν
924 2731 973 2794 ἐπὶ
995 2728 1049 2796 τόν
1068 2730 1217 2812 Ἀννίβαν,
1242 2727 1376 2795 Λιοόῖον

336 2931 402 2994 lh
420 2957 460 2994 om
477 2938 512 2998 C.
581 2937 747 2994 scateant
762 2941 793 2994 Β.
868 2933 1017 3002 λένανοδς
1033 2935 1130 3004 ἔδοξεν
1145 2941 1179 2994 A.
1249 2932 1375 3006 bened]

334 3003 391 3061 διτδ
407 3009 439 3062 Α.
524 3004 705 3062 πλευσάντων
719 3011 752 3066 C.
840 3012 874 3065 11
890 3006 1010 3072 πόπλιος
1025 3010 1107 3066 Ano.
1194 3008 1231 3062 λδ
1247 3003 1264 3062 δ
1282 3025 1325 3060 σοι
1340 3007 1373 3061 Β.

264 3212 323 3250 curn
345 3195 493 3266 Salapianis
517 3212 566 3265 per
590 3197 755 3264 transfugam
778 3195 946 3266 scripsisset,
972 3204 1054 3250 noctu
1079 3197 1114 3250 ad
1136 3196 1240 3249 noenia
1263 3194 1376 3249 accessit

264 3265 339 3320 reiut
354 3267 511 3332 Marcellus,
537 3273 566 3318 et
581 3264 700 3318 Romana
715 3265 807 3334 lingua
823 3282 875 3320 una
891 3281 948 3319 αισι
965 3266 1026 3320 aliis
1043 3283 1100 3320 ean
1117 3265 1262 3319 scientibus
1287 3273 1376 3330 utens,

262 3342 293 3390 ut
310 3353 358 3404 pro
377 3335 505 3392 Romanis
522 3334 692 3390 haberentur.
728 3335 867 3404 Salapiani
890 3353 955 3389 vero
978 3337 1035 3391 eins
1057 3335 1171 3390 artificio
1194 3333 1301 3402 cognito
1324 3333 1375 3384 hac

262 3414 320 3458 arte
338 3405 456 3460 vicissim
472 3403 515 3458 nsi
531 3411 609 3468 snut,
635 3409 665 3456 ut
682 3421 712 3456 se
728 3405 881 3459 Marcellam
898 3406 992 3460 adeam
1010 3407 1119 3458 eredere
1135 3403 1303 3468 simularent,
1322 3401 1377 3456 cla-

262 3473 386 3542 thrisque
403 3472 525 3546 attractis
542 3479 586 3527 tot
603 3473 632 3526 in
649 3474 741 3526 urben
758 3473 919 3528 admiserunt
936 3483 1002 3543 quot
1017 3473 1155 3528 vincendis
1172 3489 1202 3525 se
1219 3489 1299 3542 pares
1316 3488 1376 3524 esse

262 3545 403 3608 rebantur,
430 3559 529 3614 eosque
553 3559 643 3596 onnes
660 3543 823 3596 occiderunt.
856 3543 990 3598 Hannibal
1011 3563 1076 3600 vero
1093 3559 1151 3598 cusu
1168 3541 1271 3595 Locros
1288 3558 1305 3594 a
1321 3539 1376 3592 Ro·

264 3610 348 3664 manis
366 3627 399 3663 ex
414 3611 508 3666 Sicilia
523 3611 652 3682 proiectis
669 3611 785 3666 obsideri
802 3612 929 3678 nannet,
945 3614 1036 3670 statim
1052 3611 1174 3668 recessit.

369 3713 401 3766 P.
420 3713 555 3783 Sulpicius
581 3721 666 3768 autem
691 3729 748 3767 cnm
764 3713 867 3767 Aetolis
891 3722 920 3767 et
942 3715 1002 3768 aliis
1024 3715 1106 3767 sociis
1123 3730 1242 3784 magnam
1258 3709 1377 3764 Achaiae

265 3787 365 3850 partem
384 3784 510 3835 vesuvit.
544 3783 591 3840 sed
611 3801 667 3836 cuns
686 3783 754 3835 Phili
774 3801 823 3855 pne
840 3782 953 3837 Achaeis
971 3799 1047 3854 opem
1063 3783 1179 3850 taliam,
1194 3779 1305 3835 Romani
1319 3785 1377 3832 tota

267 3851 383 3904 Graecia
400 3851 468 3920 pulsi
487 3861 592 3916 essent,
614 3852 666 3904 nisi
683 3801 789 3904 Aetosss
804 3854 881 3920 galea
897 3852 1014 3925 Philippi
1030 3853 1124 3921 potitis
1141 3852 1175 3906 de
1193 3852 1248 3904 eius
1263 3848 1377 3902 interitu

265 3935 355 3973 rumor
373 3919 442 3988 apud
459 3919 615 3972 Macedones
637 3939 649 3973 s
669 3937 743 3974 srsns
768 3928 840 3973 esset
863 3929 975 3990 ortaque
991 3921 1030 3975 ibi
1045 3920 1151 3977 seditio.
1187 3920 1290 3974 veritus
1306 3917 1377 3970 enirn

265 4006 299 4040 ne
324 4003 406 4056 regno
431 3988 585 4058 privaretur
607 3988 635 4040 in
682 3989 832 4042 acedoniau
854 3991 1017 4060 properavit.
1051 3990 1089 4046 ita
1105 3992 1203 4044 sactum
1219 3995 1250 4042 nt
1266 3985 1378 4040 Romani

264 4059 292 4110 in
310 4057 425 4111 Graecia
442 4065 642 4128 perseverantes
660 4058 769 4111 urbibus
788 4058 889 4127 dinoot
904 4059 1064 4129 potirentur.

368 4159 496 4230 Sequenti
521 4175 590 4212 anno
614 4175 672 4213 cum
697 4160 875 4216 Hasdrubalis
897 4163 1028 4219 adventus
1055 4164 1239 4228 nuntiaretur,
1264 4158 1378 4213 Romani

264 4231 382 4299 legiones
404 4231 590 4284 convocabant
615 4235 644 4282 et
667 4229 755 4284 socios
779 4247 841 4285 snos
865 4235 1052 4304 arcessebant,
1080 4233 1191 4288 claudio
1213 4230 1324 4284 Nerone
1349 4237 1378 4280 et

263 4297 358 4356 Marco
375 4300 454 4357 Livio
471 4299 621 4357 consulibus
639 4299 747 4356 uestis.
766 4301 943 4358 aeNerouen
959 4311 1053 4360 contra
1068 4301 1254 4370 Hannibalern,
1271 4298 1378 4353 Livium
