3134 4909
527 266 741 335 aumatium
765 270 835 336 ΧΠ
857 274 890 339 u.
1189 276 1264 349 541

155 444 248 505 δικῶν
269 438 422 525 ἀθροίσας
446 436 591 524 ἀργόριον
616 448 680 517 τοῖς
701 464 734 505 τε
759 437 947 529 δορυφόροις
971 440 1154 529 δόπίσχετο
1172 445 1265 517 ’ίδωκε

153 546 203 607 καὶ
227 550 272 631 τῷ
294 541 385 631 δήμῳ
408 541 486 607 καθ’
513 539 621 610 ἑκατόν
638 540 790 628 δραχμός.
842 542 927 623 ὅσοις
949 546 1008 635 γὰρ
1031 547 1213 633 δΚόμοδος
1234 554 1291 632 ἐς·
1408 580 1416 587 ⁴

151 646 275 731 τρυφὴν
291 649 341 710 καί
358 648 390 722 ἐς
405 641 596 728 ὁπλομαχίαν
612 647 663 708 sul
681 642 914 732 ἁρματηλασίαν
930 651 1083 739 ίκίχρητο,
1103 650 1264 736 ξόμπαντα

151 750 352 835 προύτίθειτο
371 751 414 825 είς
429 747 464 812 sd
480 745 683 832 πωλητήριον.

124 862 143 913 li
252 848 291 916 Ὁ
307 852 341 917 δέ
356 853 479 928 Λαῖτος
496 848 625 937 εὐφήμει
641 852 698 931 μέν
713 849 768 914 τδν
783 852 959 936 Περτίναιια
967 900 977 931 ,
997 852 1051 918 τόν
1068 858 1102 920 δὲ
1118 854 1263 940 Κόμοδον
1280 876 1303 931 Β

147 950 265 1039 ὕβριζε.
316 955 371 1019 καί
388 979 474 1030 τινας
494 951 692 1039 βαρβάρους,
715 955 845 1038 χρυσίον
868 955 944 1041 παρ’
964 960 1077 1022 ἐκείνου
1094 964 1263 1043 κομισαμέ-

147 1081 222 1133 νους
247 1056 299 1123 ἐπ’
324 1055 427 1143 εἰρήνη
449 1055 545 1134 πολό,
569 1056 614 1121 ἔτι
629 1054 834 1140 τυγχάνοντας
850 1059 882 1121 ἓν
898 1054 963 1145 ὅδρλ
978 1062 1194 1145 μετιπίμιματο
1212 1067 1263 1129 καλ

147 1159 183 1223 sd
197 1164 328 1243 χρυσίον
345 1161 502 1247 ἀφείλετο,
523 1155 686 1245 “φρόσατε
702 1168 766 1235 τοῖς
784 1160 884 1225 οἶλοι”
904 1158 1008 1247 φήσας
1023 1160 1092 1228 “dir
1109 1167 1263 1251 Περτίναξ

145 1260 282 1348 ῶρχει”·
308 1263 421 1350 ᾔδεσαν
447 1263 507 1348 γὰρ
531 1261 567 1326 cd
591 1261 689 1343 ὄνομα
714 1269 769 1327 τοῦ
795 1262 908 1349 ἀνδρὸς
926 1266 958 1340 ἐξ
975 1256 1017 1329 ῶν
1034 1266 1262 1335 ἐπεπόνθεισαν.

102 1379 140 1433 10
148 1368 200 1429 καὶ
226 1366 306 1432 ἄλλα
332 1366 367 1430 δὲ
389 1372 517 1430 τοιαῦτα
534 1366 582 1429 lul
600 1366 731 1450 διαβολῇ
747 1370 808 1433 τοῦ,
821 1364 966 1448 Κομόδου
984 1364 1000 1431 ὅ
1018 1372 1141 1447 Aonie
1159 1372 1262 1455 ἔποίη·

141 1493 207 1535 σεν.
263 1468 335 1535 ἀλλ’
364 1471 420 1533 odor
445 1470 492 1532 lul
515 1467 637 1553 μακρόν
662 1457 752 1543 οὗτος
774 1464 870 1549 ἔμεινε
893 1468 1000 1546 πιστός
1024 1480 1067 1559 τῷ
1084 1476 1260 1560 Περτίνακι.
1292 1518 1297 1537 .
1378 1549 1380 1553 Α

138 1561 186 1636 ῶν
212 1570 278 1659 γὰρ
304 1571 433 1656 ἱμείρετο
456 1570 501 1654 μὴ
526 1568 694 1655 τυγχάνων,
719 1569 792 1646 roric
807 1569 998 1655 στρατιώτας
1014 1577 1169 1660 παρίθηξε
1186 1579 1258 1643 κατ’

138 1674 256 1739 αὐτοῦ.
306 1675 336 1739 oi
360 1677 395 1739 δὲ
418 1670 564 1759 ἁρπαγῶν
588 1670 755 1758 εἰργόμενοι
779 1673 858 1759 παρ’
883 1674 994 1754 αὐτοῦ,
1026 1677 1150 1759 ἐμίσουν
1167 1680 1260 1745 αότδν

137 1780 191 1842 καὶ
210 1774 416 1857 ἐπεβούλευον
431 1778 489 1841 σὺν
505 1780 550 1862 aqi
564 1776 707 1874 Λαίτῳ.Ι
727 1774 775 1839 διδ
793 1775 846 1841 τόν
862 1774 978 1843 ὕπατον
997 1777 1160 1860 Φόλιιωνα,
1181 1784 1256 1867 γίνει
1274 1800 1298 1852 c

96 1891 132 1944 15
139 1882 195 1945 καὶ
212 1876 339 1967 πλσότῳ
356 1875 617 1964 λαμπρυνόμενον,
644 1874 858 1964 αὐτοκράτορα
874 1886 999 1963 ποιῆσαι
1017 1884 1191 1951 συνέθεντο.
1243 1884 1261 1951 δ

139 1982 263 2067 μαθῶν
285 1979 302 2047 ὃ
327 1984 481 2067 Περτίναξ
506 1982 537 2057 ἔς
560 1978 727 2047 θάλασσαν
749 1984 917 2067 διατρίβων
941 1983 992 2047 διὰ
1017 1984 1073 2068 τὴν
1094 1994 1150 2051 τοῦ
1174 1991 1259 2053 σίτου
1324 2019 1338 2040 r

139 2084 354 2172 παρασκευήν,
377 2088 420 2161 είς
436 2085 492 2168 τὴν
507 2080 596 2148 πόλιν
612 2084 747 2168 ἠπείχθη
763 2087 815 2149 καλ
833 2089 876 2162 είς
891 2086 948 2169 τὴν
961 2089 1078 2171 βουλὴν
1095 2092 1261 2177 παρελθῶν

141 2190 312 2273 διειλίχθη.
363 2186 536 2271 μελλόντων
558 2189 593 2252 δὲ
621 2194 682 2253 τῶν
706 2193 881 2268 βουλευτῶν
907 2200 1177 2277 καταψηφιεῖσθαι
1203 2200 1260 2259 rori

142 2289 316 2367 Φόλιιωνος
339 2288 528 2375 ὅΠερτίναξ
545 2286 726 2373 ἀνακραγῶν
743 2286 810 2371 “μῆ
834 2290 972 2372 γίνοιτο”
991 2290 1051 2377 ἔφη
1068 2290 1160 2359 “reid
1181 2302 1259 2375 βου-

92 2392 258 2476 λθλευτὴν
274 2396 350 2474 ίμοῦ
368 2391 514 2477 ἄρχοντος
529 2391 609 2473 μηδὲ
626 2390 750 2465 δικαίως
765 2391 1024 2473 θανατωθῆναι.”

245 2491 284 2559 Ὁ
300 2486 334 2559 δὲ
349 2492 473 2569 Λαῖτός
496 2518 582 2568 τινας
604 2498 665 2559 τῶν
681 2497 875 2577 στρατιωτῶν
893 2489 935 2570 ῶς
952 2494 1065 2559 ἐκείνου
1082 2492 1257 2575 κελεύοντος

137 2596 291 2685 ἔφθειρε·
317 2597 507 2683 φοβηθέντες
524 2596 558 2661 δέ
574 2594 604 2659 oi
620 2596 720 2660 λοιποί
737 2590 945 2683 ἐθορύβησαν.
998 2594 1147 2667 διακόσιοι
1170 2600 1203 2665 δὲ
1228 2600 1258 2665 ολ

214 2801 355 2861 Ιδέδωιιι
372 2807 406 2861 Δ.
524 2800 668 2872 θφοᾶσαι
683 2822 714 2859 rs
731 2806 802 2875 PW,
826 2800 938 2874 φράσας
953 2800 984 2860 ri
1001 2805 1034 2865 G.
1152 2808 1187 2865 l'l
1205 2805 1258 2865 dir.

213 2876 297 2944 είιθη
314 2876 347 2931 Δ.
450 2874 486 2927 22
503 2868 726 2947 ἐθορυβήθησαν
742 2877 775 2932 Α.

131 3080 215 3135 quse
239 3062 409 3131 promiserat,
435 3066 463 3115 st
522 3060 584 3131 pulo
607 3065 734 3115 centenas
756 3060 894 3114 drachmas
920 3060 1099 3115 distribueret.
1135 3079 1166 3115 ea
1188 3063 1257 3118 euim

129 3134 231 3187 omnia
249 3133 346 3203 quibus
364 3131 471 3183 Commo
491 3148 523 3183 us
540 3131 574 3182 ad
591 3130 709 3196 delicias,
727 3130 931 3198 compositiones
947 3131 1124 3197 gladiatorum
1141 3139 1168 3183 et
1184 3132 1256 3185 auri-

130 3204 266 3273 gationes
284 3216 345 3254 osus
361 3202 458 3266 luerat,
476 3198 604 3251 Pertinax
619 3199 648 3251 iu
664 3202 722 3252 loro
739 3198 867 3252 vendidit.

246 3284 346 3338 Laetus
362 3302 427 3337 vero
445 3292 473 3337 et
489 3282 653 3336 Pertinacem
676 3282 802 3335 laudabat
823 3290 851 3334 et
866 3280 1034 3334 Commodum
1071 3281 1256 3350 roscindebut;

128 3360 160 3409 et
177 3354 315 3408 barbaros
331 3354 433 3424 aliquot
449 3370 482 3404 ex
499 3352 543 3403 ria
560 3357 709 3416 revocatos,
726 3352 771 3419 qui
790 3364 907 3418 magnam
924 3352 1019 3419 pecuni
1079 3368 1094 3403 a
1113 3352 1256 3407 Commodo

127 3424 288 3478 servandae
305 3424 378 3504 pacis
395 3438 460 3503 erqo
478 3430 650 3487 acceperant,
673 3430 764 3487 erepto
783 3435 848 3470 euro
865 3418 921 3470 suis
944 3420 1116 3490 popularibus
1133 3421 1256 3475 nuntiare

125 3490 222 3546 lussit
238 3494 403 3548 Pertinacem
426 3504 571 3557 imperare:
597 3488 671 3539 cuins
695 3487 735 3541 illi
758 3503 852 3539 nomen
876 3487 932 3540 suis
956 3488 1072 3541 cladibus
1096 3488 1255 3545 didicerant.

128 3560 256 3616 liaec'et
273 3558 325 3613 eliu
340 3558 496 3612 traducendi
512 3555 647 3608 Commodi
664 3572 744 3608 ceusu
761 3556 861 3609 Laetus
878 3557 955 3611 lecit,
974 3556 1021 3609 sed
1034 3556 1165 3611 Pertinaci
1178 3558 1256 3615 fidem

130 3648 191 3685 non
210 3630 256 3683 dia
272 3628 401 3681 servarit.
436 3625 579 3679 cumcuim
597 3634 717 3677 votorum
736 3640 789 3676 non
808 3641 914 3695 compos
932 3626 1022 3692 lieret,
1041 3626 1137 3679 milites
1154 3628 1257 3697 rapinis

18 3758 22 3765 ,
132 3708 280 3764 assuetos,
305 3704 334 3748 et
351 3696 485 3749 Pertinaci
508 3692 578 3765 qaod
601 3693 637 3745 iis
661 3693 865 3763 prohiberentur
890 3694 1025 3761 infensos,
1050 3694 1084 3749 ad
1101 3696 1211 3750 insidias
1230 3698 1255 3751 ei

131 3768 278 3823 faciendas
295 3766 408 3835 impulit.
444 3766 535 3834 itaqua
553 3764 694 3817 Falconem
711 3764 862 3828 consulem,
889 3763 973 3816 virum
991 3771 1020 3815 et
1036 3780 1135 3832 genere
1152 3772 1180 3817 et
1198 3766 1256 3835 opi-

131 3840 190 3892 bus
207 3838 351 3903 illustrem,
376 3834 559 3902 inperatorem
576 3833 717 3901 designare
733 3838 894 3884 statuerunt.
931 3848 982 3900 qao
1000 3833 1124 3885 Pertinax
1141 3832 1256 3903 cognito,

130 3907 211 3977 quod
229 3921 348 3957 annonae
365 3904 500 3973 parandae
515 3918 595 3955 causa
614 3902 646 3955 ad
665 3918 736 3953 mare
753 3900 864 3969 agebat,
881 3918 995 3970 propere
1012 3902 1040 3953 in
1058 3903 1147 3955 urbem
1165 3902 1256 3972 prole-

131 3986 200 4029 ctus
217 3987 246 4027 et
263 3974 362 4027 curium
379 3974 516 4060 ingressus
536 3969 682 4023 orationem
700 3969 808 4031 nebeim
827 3979 973 4039 senatuque
991 3970 1131 4023 Falconem
1149 3970 1256 4025 damne-

130 4053 202 4098 turo
225 4043 383 4097 aclamarit
424 4041 496 4096 sbsit
520 4047 550 4095 ut
573 4057 615 4092 me
638 4038 787 4111 imperante
810 4038 877 4092 ullus
903 4049 1010 4093 senator
1034 4040 1079 4093 vel
1103 4040 1163 4095 iura
1189 4056 1253 4093 cou-

129 4105 307 4169 demuetur.''

212 4266 220 4279 .
243 4197 343 4251 Lectus
359 4196 569 4281 rqrosqilitibus
586 4192 696 4263 aliquot,
714 4194 790 4316 qussi
808 4194 842 4246 ab
860 4190 1021 4260 imperatore
1033 4192 1251 4277 iussusqopcisip,

130 4264 234 4320 effecit
249 4272 281 4321 at
297 4273 397 4323 caeteri
413 4267 465 4321 nbi
481 4270 629 4320 metuentes
647 4270 719 4317 tuma
729 4271 877 4331 tuerentur,
893 4270 921 4316 et
937 4260 990 4315 20⁰
1007 4259 1172 4315 audacissimi
1189 4268 1252 4315 stri·
