3134 4909
293 332 374 409 633
776 325 933 395 NOTAE.

296 504 346 582 qai
365 502 482 581 χρυσῆν
500 494 699 575 reponendmn
718 496 833 569 putant.
863 467 995 553 Zonaras
1022 493 1062 551 ait
1082 488 1272 551 Commodum
1290 508 1412 568 praeoe-

296 606 376 735 pppis
401 581 583 727 vbvugfflw
611 573 665 641 τὸν
691 569 755 638 scs'
787 570 878 637 oriris
905 572 962 638 ἐπ’
984 569 1080 639 αὑτοῦ
1108 578 1244 697 pannosis
1263 570 1411 656 ὀνομάζει.

381 791 409 849 p.
432 768 495 831 353
514 785 543 823 v.
566 758 617 826 14.
660 756 798 841 Ξάνθον]
815 764 882 823 side
901 771 1016 843 praeter
1027 762 1148 821 Dionem
1161 758 1211 819 lib.
1228 758 1271 823 47
1288 766 1319 819 et
1337 759 1411 819 alios

294 858 444 919 Romanae
464 850 601 909 historiae
630 849 798 927 scriptores,
814 848 961 908 Philonem
972 851 1001 907 in
1019 847 1068 907 lib.
1092 841 1139 910 ὅτι
1158 849 1221 919 πᾶς
1243 845 1412 921 σπουδαῖος

299 948 354 1002 etc.
375 960 405 1019 p.
428 937 491 1001 605
517 936 587 995 edit.
619 932 768 993 Turnebi.·
798 933 876 993 Duc.

218 1055 283 1109 1²21
383 1062 415 1121 Ρ.
436 1037 499 1102 364
513 1057 540 1101 v.
564 1036 614 1102 10.
660 1032 713 1099 sal
739 1029 908 1119 πατρόθεν]
936 1035 976 1097 its
1004 1034 1081 1111 apud
1107 1041 1225 1094 nostros
1234 1032 1272 1092 'in
1287 1031 1413 1093 clamore

296 1126 411 1187 militari
432 1124 578 1203 copiarum
597 1122 685 1179 duces
707 1140 812 1180 nomen
830 1140 912 1181 suum
928 1120 1079 1183 inclamare
1097 1119 1199 1178 solitos
1215 1118 1363 1179 docuimus
1380 1119 1412 1176 in

297 1211 455 1274 Dissertat.
474 1206 513 1265 ad
532 1204 698 1265 loinvillam.
735 1205 815 1265 Duc.

380 1332 414 1390 p.
434 1310 497 1373 365
518 1328 546 1368 r.
569 1308 602 1370 9.
644 1296 670 1369 sl
691 1310 819 1385 stainos]
847 1305 901 1365 bos
923 1310 1023 1365 i'e'isus
1040 1304 1126 1383 paulo
1143 1304 1225 1367 aliter
1246 1303 1315 1363 citat
1333 1300 1413 1365 Dion

298 1398 394 1543 {2⁰⁸
412 1393 462 1457 lib.
484 1395 526 1459 47
547 1396 618 1453 extr.
641 1390 706 1453 ride
715 1390 898 1453 Plutarchum
919 1390 957 1449 de
972 1389 1195 1473 superstitione,
1217 1388 1270 1452 sub
1291 1386 1412 1453 initium.

385 1599 415 1658 p.
436 1576 500 1642 394
521 1598 548 1635 v.
572 1579 601 1639 8.
643 1570 717 1648 rode
737 1570 772 1637 di
797 1578 857 1639 νῦν
890 1575 1023 1653 βασιλεῖς
1050 1571 1214 1663 Ῥωμαίων]
1247 1573 1291 1636 bic
1322 1590 1411 1650 porro

299 1665 392 1742 carpit
405 1665 536 1723 Zonaras
556 1663 747 1741 imperatores
769 1666 800 1719 et
815 1662 943 1719 Graecos
959 1663 1000 1721 sui
1022 1662 1096 1737 aevi,
1118 1660 1167 1738 qui
1181 1659 1297 1721 dimisso
1317 1658 1411 1737 patrio

298 1754 423 1824 vestitu,
448 1747 599 1808 barbarico
625 1764 677 1803 seu
706 1751 842 1806 extranca
860 1746 907 1803 nti
932 1744 1074 1807 amabant.
1101 1744 1200 1808 scribit
1227 1740 1414 1819 Nicephom

300 1834 449 1909 Gregoras
476 1832 567 1895 lib-2
600 1828 736 1892 Ioannem
762 1829 911 1890 Vatatnem
946 1831 1029 1908 imp,
1057 1850 1119 1887 curn
1141 1831 1251 1887 videret
1266 1828 1413 1887 Romanas

300 1919 416 1977 divitias
435 1920 465 1976 in
486 1915 654 1994 peregrinae
678 1920 709 1973 et
728 1920 911 1992 sumptuosas
927 1920 1043 1988 vestes,
1065 1914 1179 1975 &sicas
1201 1910 1333 1987 Assyrias
1354 1910 1413 1967 Ba-

299 2002 431 2075 byloniae
451 2006 540 2076 atque
558 1997 682 2072 italicas,
701 2000 780 2056 vario
797 2016 831 2057 ac
852 1998 961 2059 sollerti
981 1998 1101 2059 artificio
1126 1996 1271 2057 confectas
1294 1994 1413 2067 effundi,

173 2085 175 2088 ’
300 2084 396 2143 edicto
423 2085 552 2141 sanxisse
576 2100 614 2138 ne
643 2082 707 2157 quis
727 2081 908 2141 subditorum
927 2084 961 2143 iis
982 2088 1126 2157 uteretur,
1158 2081 1212 2141 sed
1229 2081 1263 2139 iis
1285 2078 1415 2139 contmti

195 2181 200 2189 ’
302 2174 402 2228 ment
427 2184 500 2242 quas
528 2166 675 2226 Romanae
702 2165 867 2240 provinciae
895 2166 1076 2242 praeberent.
1109 2168 1186 2229 idern
1206 2164 1256 2223 lib.
1276 2168 1316 2229 11
1338 2170 1411 2222 extr.

301 2271 369 2316 eum
387 2252 473 2313 etiam
488 2269 599 2311 morem
624 2248 774 2309 invaluisse
797 2249 885 2309 tradit
914 2250 966 2311 sub
987 2250 1150 2315 Andronico
1171 2247 1341 2324 Palaeologo
1366 2248 1413 2305 iu*

301 2339 401 2411 miore,
429 2341 462 2394 ut
486 2352 591 2415 omnes,
613 2333 695 2393 simul
720 2340 752 2393 et
777 2333 976 2395 adolescentes
999 2342 1030 2395 et
1049 2356 1134 2395 senes
1154 2333 1236 2411 pileis
1253 2337 1414 2405 uterentur,

301 2418 362 2481 non
378 2421 472 2478 minus
491 2419 522 2476 in
535 2417 641 2495 palatio
664 2436 748 2494 qnam
769 2418 799 2475 in
819 2420 906 2493 agris,
928 2418 1020 2496 iisque
1046 2421 1085 2479 ad
1101 2418 1211 2479 libitum
1231 2414 1414 2481 multiformi·

302 2504 358 2565 bns
380 2510 410 2563 et
429 2503 608 2580 peregrinis,
629 2521 694 2561 cum
713 2499 825 2561 Latinis
850 2500 906 2577 alii,
928 2502 976 2561 alii
997 2503 1096 2581 Mysiis
1118 2509 1149 2563 et
1170 2500 1346 2575 Tribunus,
1366 2498 1412 2557 alii

302 2588 396 2664 Syriis
424 2592 453 2643 et
478 2585 641 2645 Phoeniciis
663 2592 827 2656 uterentur3
859 2593 945 2663 atqne
972 2588 1002 2646 id
1017 2588 1187 2665 doniquoin
1209 2582 1337 2651 restibili
1359 2582 1414 2643 ob·

303 2688 456 2745 sewasse,
483 2670 558 2727 adeo
579 2676 613 2728 ut
633 2669 833 2747 prudentiores
853 2672 1011 2731 novitatem
1032 2672 1154 2753 aliquam
1178 2677 1209 2730 et
1228 2668 1339 2751 imperii
1360 2669 1413 2727 de·

303 2753 573 2895 structionembped
590 2758 621 2813 et
640 2754 835 2814 institutorum
855 2754 942 2815 finem
969 2767 1004 2815 ac
1024 2776 1135 2818 morum
1156 2756 1221 2817 inde
1241 2752 1317 2813 male
1336 2752 1412 2812 omi-

303 2842 450 2899 narentnr.
541 2856 569 2897 c.

387 2955 418 3016 p.
439 2933 501 2999 412
523 2954 551 2993 v.
573 2938 604 2997 7.
643 2932 911 3018 ldrioyvoopovois]
935 2940 1113 3003 desideretur
1132 2940 1162 2999 in
1183 2938 1290 3001 lexicis.

387 3040 418 3099 p.
439 3016 501 3082 419
515 3038 543 3079 v.
564 3021 616 3082 12.
659 3013 844 3101 ἐπιγνῶναι]
866 3024 921 3083 huc
941 3024 1041 3087 referri
1068 3031 1166 3102 potest
1190 3024 1239 3102 qui
1259 3022 1336 3099 apud
1355 3038 1412 3079 no·

303 3110 381 3165 stros
399 3102 491 3162 adbuc
507 3104 619 3164 obtinet
631 3122 706 3178 mos,
725 3124 783 3182 quo
799 3128 899 3185 regum
911 3110 1013 3183 edicta,
1034 3106 1199 3186 prinsquam
1212 3104 1268 3165 vim
1277 3104 1412 3181 tabem,

303 3190 341 3249 ad
364 3195 496 3248 senatum
514 3187 762 3266 parlamentarium
789 3194 863 3251 mitti
888 3193 999 3268 solent,
1026 3200 1058 3255 ut
1074 3193 1233 3270 probentur
1253 3210 1288 3250 sc
1306 3189 1411 3251 deinde
1537 3219 1540 3227 ·

302 3274 333 3333 in
360 3279 425 3331 acta
449 3273 624 3331 referantur:
655 3273 733 3347 quod
768 3276 793 3333 si
829 3276 975 3354 quidpiam
1008 3277 1039 3335 in
1073 3277 1108 3334 iis
1128 3286 1259 3337 occurrat
1278 3273 1323 3333 oui
1344 3290 1413 3331 sen-

302 3358 423 3415 tentiam
449 3374 530 3499 suppa
559 3374 619 3413 non
650 3359 862 3437 accommodet,
894 3362 931 3419 de
964 3380 999 3419 eo
1030 3361 1165 3439 princeps
1186 3360 1357 3421 admonetur
1376 3374 1413 3416 sc

303 3445 433 3516 rogatur.
525 3460 553 3499 c.

389 3521 619 3599 p.421v.12.
662 3520 784 3604 ῑλᾰρχὸν
804 3547 836 3587 ss
856 3528 967 3605 φυλῆς]
996 3526 1184 3606 praefectam
1202 3524 1299 3584 laidus
1324 3524 1413 3583 vertit

303 3603 444 3665 Wolfins:
463 3610 593 3665 savium
611 3611 718 3667 hamis
735 3612 870 3689 equitum
890 3618 1003 3671 vertere
1031 3612 1167 3673 debuisse
1183 3610 1332 3671 contundit
1350 3607 1413 3668 Vs·

300 3690 393 3749 tesius
418 3692 456 3748 sd
482 3692 626 3770 Excerpta
652 3692 774 3771 Dionis,
806 3714 840 3756 ex
868 3696 1029 3773 Capitolino
1059 3697 1089 3754 in
1114 3695 1230 3755 Mmco:
1259 3688 1412 3753 maculem

302 3792 405 3833 secum
427 3775 502 3832 Pius
521 3776 668 3833 Marcum
688 3779 873 3858 dssigrsovs't,
889 3791 918 3841 st
934 3780 1071 3838 Caesaris
1089 3779 1294 3859 appellabam
1312 3776 1412 3837 dosa-

283 3859 363 3928 ’νὴ
379 3868 410 3915 et
426 3859 557 3918 sevirum
579 3864 686 3919 turmis
712 3867 847 3941 equitum
868 3866 1077 3923 Romanorum
1099 3866 1163 3925 hm
1183 3861 1336 3929 ewulm
1357 3860 1411 3919 d·-

302 3944 460 4021 ss'gnatrsns
480 3945 603 4007 meavit.
641 3944 707 4025 ubi,
730 3949 839 4027 inquit,
866 3949 941 4007 sevir
956 3968 1060 4008 nomen
1080 3948 1167 4011 officii
1186 3949 1298 4008 videtur
1311 3946 1411 4021 lube,

303 4028 410 4169 adlinet
435 4026 565 4169 lppiprum
593 4030 756 4091 seviraliunr
780 4051 849 4093 cura
874 4032 1072 4112 competebat,
1099 4040 1175 4095 teste
1203 4034 1304 4093 eodem
1321 4028 1412 4109 Cupi·

303 4109 353 4169 tn'
376 4129 404 4169 ο.
495 4132 524 4171 c.

387 4213 418 4272 p-
440 4191 503 4257 435
524 4214 552 4257 ν.
572 4198 604 4260 3.
644 4190 857 4281 'Aypsmlsasl
887 4206 1041 4277 accentus,
1066 4201 1115 4278 qul
1142 4199 1270 4262 auctoris
1296 4195 1412 4259 saemlo

304 4278 486 4356 conveniunt,
503 4280 653 4345 musmo
673 4285 825 4349 noluimus.
857 4284 1039 4352 Messalino
1062 4286 1228 4357 omnive,
1247 4274 1413 4365 Adyodnso
