3134 4909
603 208 819 275 ANNAUUM
842 212 879 277 X
903 215 935 282 9.
1245 222 1319 293 323

307 372 346 440 ‘0
363 376 397 441 δέ
414 376 538 460 Καῖσαρ
556 373 661 461 ἠρεότα
677 380 750 456 τοδς
766 382 894 459 οἰκείους
910 382 1101 469 στρατιώτας
1113 390 1141 453 εί
1152 390 1232 455 καθ’
1247 390 1320 459 ἔαυ-

209 478 281 555 τοῦς
305 478 462 561 αἱροῦνται
485 481 685 560 μαχέσασθαι
706 480 728 565 ἢ
749 486 918 571 περιμένειν
939 488 990 551 καί
1012 484 1134 575 ἑτέρους
1151 490 1210 576 ἤδη
1233 495 1321 579 ε’γγδς

209 580 319 656 ὄντας·
345 580 375 644 οἱ
392 582 426 646 δὲ
443 580 487 662 μὴ
506 583 673 665 περιμένειν
687 585 819 659 ἐδέοντο.
869 586 1001 655 θύσαντι
1026 593 1060 656 δέ
1083 599 1128 681 τῷ
1144 596 1280 683 Καίσαρι
1301 594 1319 663 δ

210 681 319 766 μάντις
335 681 476 766 ἐσήμαινε
494 692 588 769 τριῶν
602 682 725 769 ἡμεροῦν
740 688 819 774 αρδς
835 690 907 767 τοῦς
924 695 1086 776 πολεμίους
1101 695 1321 780 κριθήσεσθαι.

186 786 356 871 ὑδρομένου
373 787 407 850 δέ
423 788 584 872 Καίσαρος
600 792 740 874 περὶτοῦ
757 792 862 869 τέλους
878 796 911 859 τί
924 802 1061 885 προορᾷ,
1085 796 1220 883 μεγάλην
1239 800 1318 868 εἶπεν
1334 812 1358 866 0

210 891 258 953 ἐπὶ
276 888 314 953 τὰ
332 890 451 954 έναντία
467 892 641 973 δηλοῦσθαι
655 894 832 977 μεταβολὴν
849 898 899 959 καὶ
914 894 1123 979 μετάπτωσιν·
1137 896 1187 966 “al
1198 904 1254 984 μὲν
1267 898 1322 971 οῦν

211 984 245 1057 εῦ
267 989 408 1077 πράττεις
430 994 462 1056 ἓν
485 1000 529 1079 τῷ
551 991 679 1080 παρόντι
704 994 761 1079 τὴν
781 1000 907 1086 χείρονα
930 997 1090 1085 προσδόκα
1113 1000 1218 1087 τύχην,
1244 1010 1271 1071 εί
1287 1008 1321 1073 δέ

191 1121 196 1134 ·
209 1102 311 1171 κακῶς
327 1096 382 1176 τὴν
399 1095 574 1176 ἃμιίνσνα.”

314 1199 346 1261 9.
400 1203 450 1283 Τῇ
472 1197 506 1261 δὲ
529 1197 588 1280 πρὸ
612 1204 666 1281 τῆς
687 1195 790 1283 μάχης
812 1205 895 1267 νυκτὶ
918 1204 975 1279 τάς
997 1203 1140 1291 φυλακάς
1156 1205 1323 1292 περιιόντος

170 1313 205 1368 10
213 1302 280 1383 περὶ
297 1299 332 1363 τό
349 1296 546 1382 μεσονύκτιον
564 1301 723 1383 Καίσαρος
741 1302 837 1388 ὤφθη
855 1305 979 1386 λαμπάς
995 1305 1136 1391 οὐρανίου
1153 1308 1259 1396 πυρός,
1285 1310 1324 1397 ἢν
1380 1298 1392 1315 ⁸

212 1402 248 1467 τὸ
271 1401 366 1467 αῦτοῦ
390 1399 643 1487 ὑπερενεχθεῖσαν
669 1403 875 1489 στρατόπεδον
899 1404 982 1485 ἔδοξε
1005 1410 1149 1495 λαμπράν
1174 1417 1225 1478 καὶ
1243 1421 1323 1501 φλο-

211 1501 308 1588 γιόδη
317 1506 477 1588 γενομένην
502 1506 545 1581 είς
567 1503 603 1568 τό
620 1508 796 1589 Πομπηίου
813 1516 923 1573 πισεῖν.
972 1508 1034 1593 ἤδη
1051 1510 1086 1576 δέ
1102 1514 1325 1601 διαλαμψάσης

210 1603 328 1693 ἡμέρας
346 1607 374 1672 οἱ
398 1609 504 1673 σκοποὶ
529 1609 723 1686 καταβαίνειν
744 1606 934 1694 ἀπήγγελλον
957 1614 1004 1676 έπί
1026 1610 1113 1699 μάχῃ
1137 1616 1210 1694 τοῦς
1232 1625 1324 1685 πολε-

212 1712 309 1791 μίους.
361 1710 529 1794 περιχαρὴς
545 1711 579 1774 δὲ
595 1706 751 1792 γενόμενος
767 1709 911 1797 ὥρμησεν
927 1716 970 1789 είς
984 1712 1097 1797 μάχην,
1122 1720 1173 1781 καί
1197 1724 1361 1801 συμβα-Ι)

172 1811 275 1877 15λιδν
290 1821 354 1885 τοῖς
369 1818 426 1876 τοῦ
440 1815 609 1893 Πομπηίου
626 1812 766 1894 τρέπεται
782 1812 920 1891 τούτους.
960 1813 1126 1901 Πομπήϊος
1143 1821 1177 1885 δὲ
1192 1822 1325 1890 κατιδιδν

212 1915 286 1991 τοδς
301 1914 400 1991 ίππεῖς
417 1920 500 2001 φυγῇ
516 1914 743 1992 σκεδασθέντας
758 1916 857 1983 οὐκέτι
873 1908 912 1998 ἦν
928 1913 945 1982 ῦ
963 1918 1056 1996 αῦτδς
1073 1920 1146 2015 οὔδ’
1173 1924 1323 2010 έμίμνητο

212 2014 378 2099 Πομπήδιος
399 2014 443 2080 ule
464 2014 613 2100 Μάγνος,
648 2016 722 2081 ἀλλ’
746 2014 789 2095 ὡς
811 2016 870 2086 tut
893 2026 974 2087 θεοῦ
993 2020 1206 2105 βλαπτόμενος
1228 2027 1323 2117 ρ’ίχετο
1391 2024 1395 2031 ’

211 2116 375 2209 ἄφθογγος
391 2118 489 2183 ἀπιὼν
506 2121 555 2184 ἐπὶ
571 2117 694 2203 σκηνήν,
724 2124 775 2185 καὶ
798 2120 976 2207 καθήμενος
997 2124 1176 2213 ἐκαραδόκει
1193 2128 1229 2194 ed
1248 2134 1324 2211 μέλ-
1389 2144 1392 2151 “

212 2228 275 2287 λον.
326 2220 368 2300 ὡς
391 2224 425 2287 δέ
450 2229 505 2287 τοῦ
526 2219 665 2306 χάρακος
687 2224 847 2303 ἐπέβαινον
865 2226 894 2289 oi
910 2228 1049 2309 πολέμιοι
1055 2273 1065 2306 ,
1092 2226 1233 2313 φεύγοντι
1251 2233 1324 2317 πρέ-

170 2340 332 2393 ἳθπουσαν
347 2325 458 2405 στολὴν
476 2326 564 2400 ένδδς
579 2321 760 2406 ῦπεξῆλθεν.
804 2395 807 2401 ,

312 2422 350 2489 ‘0
367 2427 401 2489 δὲ
418 2429 542 2509 Καῖσαρ
560 2428 610 2488 καὶ
630 2432 685 2489 τοῦ
698 2421 838 2508 χάρακος
854 2431 915 2489 τῶν
932 2426 1083 2506 πολεμίων
1099 2426 1256 2514 ἐκράτησε,
1273 2435 1325 2497 καὶ

214 2524 287 2603 τοῦς
313 2523 443 2603 ἁλόντας
466 2527 560 2605 ζωούς
584 2537 648 2604 τοῖς
672 2522 786 2604 ἑαυτοῦ
807 2526 947 2608 κατέμιξε
971 2523 1121 2612 τάγμασι,
1148 2514 1272 2611 πολλοῖς
1290 2536 1326 2601 δέ

283 2666 361 2757 let]
377 2660 399 2737 ἢ
414 2670 484 2754 llw.
623 2662 743 2753 θδνρας
758 2659 839 2737 έγγῦς
854 2666 910 2725 ln.
941 2738 954 2754 .
1047 2666 1213 2760 -1λ,τδ]·τα“ς
1221 2675 1274 2759 τοῦ
1289 2677 1323 2733 Α.

282 2738 316 2793 19
333 2738 377 2807 δε]
396 2738 429 2792 δε
438 2737 489 2820 καὶ
500 2737 532 2792 Α.
586 2738 621 2790 22
638 2738 736 2806 ζωους]
748 2738 903 2792 Plutarchus
915 2756 971 2792 ταν
981 2732 1014 2791 dl
1026 2740 1117 2804 τεζων
1130 2760 1186 2797 ταν
1196 2746 1324 2801 aturrus

282 2804 410 2877 κατέμιξε
426 2824 495 2868 τους
509 2804 654 2868 πλείστους
671 2801 686 2859 δ
705 2809 817 2871 Καῖσαρ
835 2803 875 2867 είς
890 2802 927 2860 τά
943 2803 1079 2876 τάγματα.

279 2910 442 3033 6εἱῐῑθριιῖτξριι.
455 2908 546 3033 δοῦσα.
565 2905 591 2960 9.
629 2908 772 2961 Platerele'
791 2910 902 2977 Caesar,
920 2929 943 2963 σ.
964 2908 1096 2976 43-463
1121 2912 1280 2985 Pompeius,
1299 2935 1323 2973 ο.

316 3095 418 3148 Caesar
435 3112 492 3148 cum
510 3112 572 3148 euoe
589 3094 687 3148 milites
705 3102 828 3165 rogasset
852 3104 940 3148 utrum
962 3095 1012 3147 soli
1027 3110 1147 3165 pugnare
1164 3098 1271 3153 mallent
1290 3118 1325 3155 an

214 3163 330 3232 reliquos
347 3174 503 3233 exspectare
519 3165 565 3232 qui
583 3164 611 3215 in
627 3163 775 3233 propinquo
795 3172 900 3228 essent,
916 3164 950 3215 ab
967 3162 999 3214 lie
1017 3174 1106 3217 oratus
1124 3172 1165 3218 eet
1181 3184 1214 3220 ne
1232 3186 1277 3223 exe
1297 3188 1325 3223 e-

214 3239 308 3286 eures.
342 3232 437 3285 hostiis
455 3234 540 3285 caeeis
556 3232 689 3303 haruspex
705 3233 773 3286 dixit
789 3233 858 3285 iutra
874 3232 989 3284 triduum
993 3240 1180 3352 dpugnaturum
1199 3252 1257 3289 enm
1295 3256 1325 3291 e·

213 3301 308 3355 subur.
343 3312 370 3353 et
386 3302 497 3354 Caesari
522 3301 625 3371 qualem
646 3318 751 3370 pugnae
775 3302 875 3352 exitum
897 3300 991 3367 praevi
1011 3312 1069 3355 eret
1090 3305 1259 3383 percontanti
1280 3324 1323 3357 re-

213 3369 322 3439 spondit
339 3387 457 3439 magnam
473 3372 533 3422 lore
549 3370 720 3422 mutationem
738 3372 766 3422 in
783 3369 958 3421 eontrarium:
982 3369 1052 3438 quod
1074 3385 1099 3420 er
1121 3368 1149 3421 in
1171 3372 1324 3439 praesentia

213 3440 282 3491 bene
299 3454 356 3490 cnm
372 3458 403 3491 eo
421 3448 555 3508 ageretur,
573 3437 729 3491 deteriorem
746 3440 879 3490 fortunam
897 3452 957 3490 esee
968 3438 1179 3506 exspectandam,
1196 3440 1236 3495 ein
1247 3440 1324 3509 male,

209 3507 353 3562 meliorem.

316 3574 344 3627 9.
378 3575 467 3629 Pridie
484 3594 560 3646 qnam
577 3581 720 3645 pugnatum
736 3579 794 3637 eet,
819 3590 836 3625 a
854 3574 971 3626 Caesare
992 3573 1116 3627 excubiae
1139 3575 1189 3645 sub
1212 3576 1321 3633 mediam

211 3651 315 3698 noctem
331 3646 445 3697 obeunte
461 3654 601 3714 eonspeeta
619 3650 663 3696 eet
678 3644 723 3696 lex
740 3642 862 3695 caelestis
876 3643 961 3710 ignis,
979 3657 1057 3709 quam
1073 3660 1153 3711 supra
1170 3662 1218 3697 sua
1236 3654 1322 3701 cestra

211 3716 339 3781 delatam,
356 3714 560 3782 resplendentem
577 3720 606 3765 et
623 3713 794 3765 flammantem
811 3710 838 3763 iu
857 3720 945 3765 eastra
962 3711 1078 3779 Pompeii
1094 3713 1190 3767 cedere
1206 3717 1321 3784 putavit.

211 3783 324 3837 diluenlo
341 3798 398 3835 eum
414 3784 591 3853 speculatores
609 3791 748 3833 narrarent
765 3780 856 3832 hostes
873 3780 904 3833 nd
923 3796 1037 3849 pugnarn
1053 3780 1228 3850 descendere,
1247 3784 1322 3838 laeti-

211 3852 251 3906 tia
268 3852 404 3905 exsultans
420 3851 546 3919 praelium
564 3851 631 3916 iniit,
650 3857 678 3902 et
694 3848 814 3917 Pompeii
832 3848 974 3903 exereitum
991 3849 1102 3919 pepulit.
1122 3852 1167 3919 qni
1185 3869 1242 3905 eum
1259 3870 1322 3907 suos

212 3921 318 3990 equites
332 3922 397 3987 luga
413 3920 553 3990 dissipatos
573 3920 700 3987 vidisset,
725 3936 778 3971 non
805 3918 915 3987 amplius
941 3920 1010 3971 idem
1027 3918 1078 3972 fuit
1093 3936 1179 3989 neque
1195 3938 1224 3974 se
1241 3921 1320 3974 Pom·

210 3990 299 4075 poium
316 3989 442 4057 Magnum
458 4006 517 4041 esee
532 3986 667 4055 meminit,
691 3988 738 4041 sed
757 3988 873 4040 attonito
890 3986 997 4051 similis,
1020 3996 1106 4041 mutue
1123 3990 1320 4043 tabernaculum

210 4074 361 4126 mgreesus,
378 4066 501 4109 eventum
517 4059 613 4111 sedens
630 4056 805 4128 exspectavit·
840 4052 961 4109 hostibus
978 4072 1042 4109 vero
1059 4056 1153 4109 vallum
1170 4058 1321 4111 invadenti-

212 4127 270 4192 bus,
287 4127 379 4181 habitu
397 4126 509 4195 fugienti
525 4136 587 4195 apto
605 4136 708 4196 sumpto
725 4144 755 4180 se
772 4124 908 4178 subduxit.
1337 4168 1339 4175 .

315 4196 415 4251 Caesar
440 4195 520 4248 etiam
541 4194 636 4249 eastris
655 4196 757 4266 potitae
774 4206 867 4265 captos
884 4192 911 4247 in
928 4206 991 4245 suae
1007 4190 1127 4261 legiones
1143 4190 1270 4259 inseruit,
1294 4204 1321 4247 et
