3134 4909
201 376 206 387 Ι
246 276 324 349 σεο
609 281 782 349 mimus
808 280 1007 347 zooram

247 446 419 529 εσκευύζετο
438 446 480 527 ὡς
495 448 676 535 πολεμήσων
693 458 730 536 τῇ
748 449 885 538 ἐπιούσῃ.
908 450 948 517 τδ
965 455 986 515 δ
990 451 1000 476 ²
1020 448 1100 517 αύτδ
1116 452 1169 515 καὶ
1185 454 1229 538 τῷ
1245 449 1357 532 Δημο-

243 551 334 639 χτίρει
359 553 549 637 συμβέβηκε,
581 559 632 619 καί
662 551 842 637 ἡτοιμάζετο
873 555 1009 630 κάκεῖνος
1039 551 1082 629 ὥς
1110 563 1174 629 τοῖς
1204 555 1359 635 πολεμίοις

249 654 496 737 ἐπελεοσδμενος,
523 658 572 721 καί
591 657 644 723 τὸν
661 657 773 733 Σίξτον
790 659 824 722 δέ
839 660 1066 739 μετεπέμψατο.
1116 653 1217 741 ἡμέρα
1242 681 1274 720 τε
1296 655 1355 737 ἤδη

248 755 421 841 ύπίλαμπε,
439 761 490 823 καί
507 758 603 845 ἀμφιο
620 760 659 825 ud
675 760 803 825 ναυτικδ
819 760 869 823 ἐπ’
888 760 1011 843 ἄλληλα
1024 760 1129 825 ἔπλεον
1145 761 1195 823 καί
1211 765 1268 839 τῆς
1283 784 1357 821 ναυ-

212 872 234 925 Β
250 862 365 944 μαχίας
379 860 564 947 ἀπήρξαντο.
579 865 644 927 Ικαί
661 862 708 927 ἐπί
726 869 866 928 πλεῖστον
882 864 938 946 μέν
953 860 1144 947 ἀγχωμάλως
1158 860 1383 945 ἠγωνίσαντο,5

251 964 311 1047 duri
327 967 347 1028 δ
352 962 360 988 ²
380 956 434 1029 οάν
451 990 522 1029 ποτε
539 968 589 1029 καί
606 964 683 1049 πρδς
700 964 794 1031 νύκτα
810 964 869 1049 ἤδη
888 966 918 1032 oi
934 973 989 1031 τοῦ
1003 968 1161 1052 Καίσαρος
1176 961 1359 1050 ἐκράτησαν,

251 1066 288 1133 ού
304 1066 407 1149 μίντοι
424 1070 474 1131 καί
492 1069 666 1144 ἐπεδίωξαν.

357 1171 479 1254 Καῖσαρ
497 1170 531 1233 δέ
548 1176 602 1234 τοῦ
614 1171 727 1247 Σίξτου
746 1170 778 1235 ἐκ
796 1176 850 1254 τῆς
867 1168 1036 1253 Μεσσήνης
1053 1168 1105 1234 διὰ
1117 1168 1172 1253 τὴν
1184 1171 1358 1251 ναυμαχίαν

250 1267 426 1357 ἀπάραντος
444 1270 611 1349 ἀκινδύνως
627 1271 802 1357 ἐπεραιώθη
819 1273 897 1359 πρδς
915 1272 1133 1356 Ταυρομένιον.
1174 1271 1234 1355 ἤδη
1252 1274 1287 1336 δέ
1304 1278 1360 1354 τῆς

250 1374 422 1456 ναυμαχίας
438 1375 608 1458 παυθείσης
624 1378 743 1461 σπουδῇ
761 1376 838 1461 πρὸς
854 1375 910 1458 τὴν
927 1373 1097 1459 Μεσσήνην
1114 1373 1130 1440 δ
1148 1376 1260 1452 Σεᾝτος
1285 1375 1359 1460 ἀφί-
1367 1384 1401 1437 1⁰

251 1499 335 1553 κετο,
361 1480 412 1540 καί
436 1476 551 1560 μαθων
573 1478 783 1561 περαιωθέντα
806 1478 860 1544 τδν
882 1481 1047 1561 Καίσαρα,
1072 1479 1252 1561 προσίμιξεν
1276 1478 1361 1565 αὐτῷ

250 1579 329 1645 κατά
346 1586 412 1663 γῆν.
465 1582 516 1644 καί
533 1578 549 1645 δ
567 1583 691 1666 Καῖσαρ
708 1588 763 1646 τού
779 1607 811 1645 τε
829 1588 972 1647 ναυτικοῦ
988 1580 1023 1646 τδ
1039 1586 1142 1646 πλεῖον
1158 1580 1290 1661 ἀπίβαλε
1305 1582 1357 1643 καί

251 1680 344 1758 odric
370 1684 471 1763 ὀλίγον
489 1683 741 1769 προσδιεφθάρη·
768 1685 843 1759 τίως
858 1686 878 1748 δ
883 1683 894 1708 ²
913 1674 968 1748 σύν
984 1686 1027 1759 είς
1042 1682 1099 1767 τὴν
1114 1680 1238 1768 ἤπειρον
1254 1682 1357 1747 διασί-

251 1805 363 1849 σωστο.
412 1782 527 1865 ἤχθετο
553 1787 587 1850 δέ
603 1793 658 1851 τοῦ
676 1783 905 1871 στρατεύματος
919 1788 951 1851 ἐν
967 1791 1005 1872 τῇ
1022 1784 1106 1875 νήσῳ
1124 1786 1358 1869 ἀπειλημμένου,

251 1887 303 1949 καί
321 1884 356 1950 ού
377 1889 447 1972 πρὶν
464 1885 674 1973 ἀνεθάρσησεν
692 1890 748 1965 ίως
767 1889 859 1970 ἰχθύς
875 1888 1041 1974 ἀναθορὼν
1062 1891 1096 1953 ἐκ
1118 1896 1173 1971 τῆς
1197 1885 1360 1969 θαλάσσης
1368 1898 1401 1949 15

215 1985 429 2073 Θαύτύματος
448 1990 525 2075 πρδς
548 1992 621 2067 τοδς
643 1992 741 2066 πόδας
764 1991 860 2057 αύτοῦ
881 1991 981 2057 ἔπεσε·
1008 1998 1098 2057 τούτο
1114 1990 1175 2078 γὰρ
1191 1992 1220 2056 οί
1236 1989 1362 2073 μάντεις

253 2093 365 2174 δηλοῦν
381 2090 564 2175 ἐξηγήσαντο
582 2091 629 2159 ὅτι
646 2090 833 2159 δουλεύσεται
848 2094 904 2174 τὴν
922 2092 1096 2159 θάλασσαν.
1120 2090 1140 2178 ἢ
1158 2095 1192 2161 δέ
1208 2102 1263 2159 τού
1279 2094 1361 2157 Καί-

251 2217 347 2280 σαρος
362 2196 490 2279 στρατιὰ
508 2196 722 2282 ἐπολιορκεῖτο,
747 2198 798 2260 καί
815 2198 880 2261 ἐπεί
896 2196 933 2261 τά
950 2195 1104 2278 ἐπιτήδεια
1121 2197 1261 2263 ἐπίλιπον
1277 2202 1362 2281 σφοῖς

252 2300 302 2361 καί
328 2293 344 2361 ὅ
367 2295 537 2381 βοηθήσων
563 2299 619 2363 οὐκ
645 2290 693 2383 ἦν,
719 2295 735 2363 ὃ
760 2297 874 2382 ταύτης
897 2296 1001 2384 ἀρχων
1018 2302 1244 2385 Κορνουφίκιος
1265 2298 1305 2365 τά
1328 2324 1361 2365 τε

251 2395 356 2485 σκάφη
382 2398 442 2466 ὅσα
466 2400 499 2465 ἐκ
525 2406 580 2483 τῆς
602 2404 773 2485 ναυμαχίας
797 2402 1000 2486 περισέσωστο
1025 2400 1151 2479 ἐκαυσε,
1191 2405 1242 2467 καί
1267 2400 1403 2478 αύτδςθθ

251 2501 328 2588 πρδς
343 2503 399 2579 τάς
419 2500 532 2579 Μύλας
555 2504 650 2587 ἀπῆγε
673 2504 728 2589 τὴν
751 2502 908 2589 στρατιιίν.
958 2507 1008 2570 καί
1033 2505 1133 2569 πολλὰ
1156 2503 1360 2587 ἐκακώθησαν

251 2604 337 2687 παρά
353 2610 414 2669 τῶν
431 2606 572 2669 ἐναντίων
589 2607 782 2691 ἐφεπομίνων
800 2607 904 2683 αύτοῖς
927 2606 959 2671 ἐν
981 2634 1013 2673 τε
1035 2613 1074 2693 τῇ
1090 2606 1169 2693 ἄλλη
1186 2610 1293 2697 πορεία
1308 2609 1361 2671 καί

251 2710 371 2787 μᾶλλον
394 2706 426 2770 ἐν
448 2716 515 2782 ταῖς
538 2712 600 2776 τῶν
625 2714 772 2791 ποταμῶν
795 2707 967 2789 διαβύσεσι.
1017 2713 1069 2774 καὶ
1085 2713 1133 2775 ἐπί
1149 2721 1230 2799 τρεῖς
1244 2708 1361 2795 ἣμέρας

322 2933 339 2984 ε
357 2926 523 2997 restorem
540 2934 574 2987 ι.
680 2934 713 2991 ιτ
729 2906 880 3005 οητοσηὲε
897 2937 929 2991 ι.
1035 2937 1068 2991 ιο
1091 2939 1289 3007 „manetem
1303 2939 1360 3007 ιω,

323 3002 530 3070 Κουρνοφίκιος
546 3004 615 3058 PW.
719 3006 755 3059 20
771 3001 951 3072 περισέσωστο
970 3006 1002 3074 Α,
1020 3004 1186 3074 περιέσωοτο
1205 3010 1270 3064 PW.

253 3211 283 3261 et
299 3223 375 3260 nemo
392 3211 484 3264 contre
502 3207 562 3273 iret,
580 3226 703 3262 revereuo
721 3227 750 3262 oe
771 3217 802 3264 ut
818 3209 947 3279 postridie
963 3209 1133 3265 dimicaturue
1149 3212 1262 3281 perurit.
1292 3210 1362 3264 idem

252 3285 282 3329 ct
298 3277 452 3330 Demochari
476 3278 587 3341 eccidit,
612 3280 656 3346 qui
676 3289 704 3331 et
722 3280 779 3350 ipee
797 3290 828 3332 ut
844 3280 871 3332 in
890 3281 991 3333 hortem
1008 3291 1172 3349 pugnaturos
1191 3282 1302 3333 Sextum
1318 3296 1364 3332 er·

250 3346 371 3399 counivit.
405 3346 519 3400 diluculo
542 3348 634 3399 embee
656 3348 754 3402 cieuses
780 3348 926 3418 productee
954 3349 1104 3416 longieeimo
1136 3361 1254 3418 tempore
1277 3362 1362 3417 ecquo
1426 3358 1429 3361 ’

252 3414 340 3467 Morte
358 3415 528 3469 dimicerunte
552 3415 656 3470 tundem
678 3420 727 3473 cub
750 3426 853 3471 noctem
871 3418 1029 3471 Caesariani
1045 3417 1184 3485 vicerunt,
1211 3419 1257 3472 red
1277 3418 1363 3470 victoe

251 3500 304 3537 uon
324 3485 455 3554 porsecuti
475 3492 547 3541 eunt.
851 3483 869 3505 ⁰

356 3586 464 3653 (iterur,
483 3604 540 3639 oum
557 3588 655 3641 Sextus
673 3594 783 3656 propter
800 3590 917 3642 nuveiem
935 3606 1048 3659 pugnem
1058 3588 1184 3642 Meeeuuu
1196 3587 1364 3655 deceoeiseet,

253 3652 320 3707 eitra
338 3653 480 3723 periculum
499 3656 696 3709 Tuurominium
713 3658 831 3710 traiecit.
854 3668 962 3726 peracto
981 3658 1080 3729 praelio
1099 3658 1197 3711 Sextus
1214 3658 1363 3710 Moeranum

252 3723 376 3775 celeriter
394 3739 533 3791 revocem,
558 3726 665 3795 cognito
685 3726 807 3779 Cueourie
823 3729 956 3795 traiectu,
980 3737 1052 3780 terre
1076 3744 1133 3779 eum
1152 3744 1293 3795 eggressus
1310 3733 1364 3777 eet:

252 3792 298 3859 qui
314 3792 407 3845 clareio
424 3792 534 3845 meximu
550 3805 626 3863 purte
643 3794 739 3846 emim
757 3798 941 3865 propemodum
960 3798 1018 3864 ipre
1035 3813 1141 3865 quoque
1158 3795 1299 3866 periisset,
1317 3794 1365 3847 ενδ

252 3869 306 3913 tum
331 3868 405 3913 terre
430 3860 526 3917 evenit.
562 3879 695 3931 aegreque
716 3864 806 3917 serene
830 3865 973 3917 exercitum
998 3866 1025 3917 in
1050 3865 1137 3918 ineuiu
1161 3864 1365 3918 circumventum

253 3946 312 3983 eure
333 3946 385 3982 uon
404 3931 476 3999 prius
494 3932 597 4013 recepit
612 3932 723 3984 enimam
740 3950 818 4003 quum
836 3934 917 4004 piccio
935 3934 1003 3986 uultu
1022 3952 1038 3985 e
1055 3933 1119 3985 meri
1136 3933 1162 3985 in
1179 3943 1274 3987 mmm
1291 3933 1364 3985 fecto

251 4008 346 4069 sponte
364 4011 427 4052 ente
445 4000 526 4069 pedee
545 4018 602 4053 etue
620 4000 742 4055 concidit.
779 4002 806 4054 id
830 4002 897 4053 enim
923 4010 999 4055 τοῖσι
1021 4002 1280 4071 interpretebuutor,
1306 4002 1366 4053 iore

252 4076 284 4121 ut
303 4067 365 4121 meri
384 4068 525 4137 potiretur.
562 4068 619 4121 eiue
643 4086 709 4121 vero
734 4072 866 4123 exercitur
889 4087 947 4123 cum
970 4080 998 4123 et
1015 4072 1180 4124 obsideretur
1196 4078 1225 4124 et
1242 4068 1387 4146 elimenta¹

253 4152 306 4190 uon
319 4136 431 4191 heberet
447 4144 475 4189 et
492 4154 567 4221 opem
584 4132 768 4207 ferret'nemo,
788 4139 955 4192 Comufieiue
971 4142 1024 4191 dux
1042 4139 1099 4193 eiue
1116 4140 1227 4194 nuribus
1245 4158 1260 4192 e
1276 4155 1367 4212 pugna

252 4206 362 4275 reliquie
384 4204 487 4261 exustio
511 4224 570 4275 rpee
590 4223 696 4276 quoque
714 4210 748 4260 ud
765 4209 855 4276 Mylae
873 4208 983 4260 obduxit
1000 4208 1103 4277 copim
1126 4216 1208 4278 etque
1225 4206 1253 4261 iu
1269 4207 1367 4260 itinere

254 4274 347 4328 multoe
364 4276 451 4329 cledeu
470 4277 588 4347 aceepit,
612 4276 639 4329 iu
658 4276 790 4331 fluminum
808 4278 924 4331 truueitu
942 4278 1119 4348 potieeimum,
1143 4277 1265 4331 hoetibue
1288 4286 1365 4345 tergo
