3134 4909
297 309 372 379 134
475 404 482 425 .
651 306 823 375 IOANNIS
846 304 1043 373 ZONARAE

295 480 476 565 ἀπέσχοντο,
502 478 576 545 ἀλλ’
593 478 609 547 ὅ
627 480 690 564 μὲν,
702 474 858 555 Κλαύδιος
881 477 938 554 τδς
960 480 1035 552 ναῦς
1057 470 1270 555 ἐπεσκεύαζεν,
1287 474 1400 544 ’Ἄννων

259 654 262 659 ,
293 586 327 650 δὲ
350 583 405 667 τήν
429 584 529 649 αἰτίαν
555 590 610 668 τῆς
634 589 694 649 τῶν
717 584 856 649 σπονδῶν
880 577 1047 655 διαλύσεως
1071 580 1113 655 εἰς
1135 577 1208 655 τούς
1225 574 1401 663 Ῥωμαίους

288 687 401 775 τρίψυι
417 685 602 769 βουλόμενος
621 690 672 753 καλ
688 686 743 762 τδις
759 682 895 761 ἆλούσας
910 680 1042 771 τριήρεις
1057 686 1102 769 τῷ
1120 682 1266 770 Κλαυδίῳ
1282 682 1400 768 ἔπεμψε

291 794 342 855 καί
361 790 432 867 τούς
448 788 659 875 αἰχμαλώτους
676 790 823 855 ἀπεδίδου
840 790 892 852 καλ
907 788 985 873 πρδς
1000 784 1056 868 τήν
1072 782 1193 871 εἰρήνην
1205 792 1398 872 προεκαλεῖτο

292 892 395 961 αὐτόν.
445 896 508 961 iuri
525 898 545 959 δ
549 895 558 920 '
578 894 666 961 ούδέν
682 894 817 971 ίδίξατο,
840 890 981 974 ἠπείλησε
997 887 1074 972 μηδ’
1093 887 1313 973 ἀπονίψασθαί
1326 900 1424 957 noret

291 997 348 1074 τὰς
365 1006 470 1083 χεῖρας
491 998 523 1063 ἰν
547 1004 586 1085 τῇ
610 994 755 1083 θαλάσσῃ
778 994 850 1070 τούς
868 990 1043 1077 Ῥωμαίους
1058 992 1158 1057 ἐᾶσαι.
1210 989 1226 1056 ὅ
1245 992 1403 1073 Κλαύδιος

254 1110 279 1164 0
296 1101 330 1166 dl
353 1099 410 1185 τήν
426 1108 480 1167 τοῦ
497 1107 643 1189 πορθμοῦ
660 1098 754 1189 φύσιν
771 1095 961 1180 κατανοήσας
980 1093 1107 1182 ἐτήρησε
1122 1093 1176 1159 τδν
1191 1094 1266 1182 ῥοῦν
1280 1100 1330 1162 καί
1347 1099 1402 1163 τδν
1456 1174 1460 1180 ¹

292 1202 403 1288 ἄνεμον
419 1206 451 1269 ίκ
469 1211 523 1287 τῆς
535 1204 666 1280 Ἰταλίας
683 1207 726 1280 εἰς
741 1202 797 1285 τήν
815 1202 955 1265 Σικελίαν
971 1197 1037 1281 ἅμα
1054 1199 1220 1284 φέροντας,
1252 1196 1302 1265 καλ
1320 1198 1402 1267 ούτω

293 1308 467 1373 διέπλευσεν
484 1310 526 1385 εἰς
542 1307 598 1392 τὴν
616 1313 719 1389 νῆσον,
743 1305 876 1389 μηδενδς
890 1301 1133 1378 ίναντιωθίντσς.
1185 1298 1283 1389 εύριδν
1299 1296 1353 1369 οὖν
1369 1305 1402 1370 ἓν

291 1416 336 1497 τῷ
361 1412 458 1493 λιμένι
481 1409 553 1487 τούς
577 1411 796 1498 Μαμερτίνους
820 1404 851 1489 (ὃ
873 1408 933 1493 ηδιρ
943 1404 1058 1470 Ἄννων
1073 1403 1325 1491 προύποπτεύσας
1341 1406 1440 1473 usi-1⁰

291 1514 363 1589 τούς
379 1513 411 1577 ἰν
427 1518 466 1599 τῇ
489 1511 649 1601 ἀκροπόλει
666 1518 807 1595 καθῆστο
824 1506 986 1594 φυλάττων
1005 1504 1113 1591 αύτήν)
1131 1508 1290 1592 ἐκκλησίαν
1306 1508 1401 1593 συνή-

223 1648 225 1653 ·
291 1640 383 1699 γαγε,
416 1617 467 1679 καί
485 1617 656 1697 διαλεχθείς
674 1612 778 1687 αὐτοῖς
795 1610 891 1676 ίπειοε
907 1611 1173 1693 μεταπέμψασθαι
1190 1612 1244 1677 τδν
1255 1611 1400 1680 Ἄννωνα.

291 1714 308 1781 δ
336 1716 370 1780 δὲ
386 1722 555 1799 καταβῆναι
582 1715 638 1781 ούκ
654 1714 768 1799 ήθελε·
794 1718 946 1799 φοβηθείς
970 1714 1004 1779 δὲ
1026 1713 1071 1796 μή
1097 1714 1127 1778 οἱ
1149 1717 1342 1802 Μαμερτῖνοι
1358 1714 1402 1793 ὥς

292 1817 469 1894 ἀδικοῦντος
492 1818 588 1885 edroi
611 1818 846 1905 νεωτερίσωσιν,
871 1809 969 1900 ἦλθεν
992 1818 1035 1892 εἰς
1058 1815 1113 1899 τήν
1129 1817 1299 1902 ἐκκλησίαν.
1349 1822 1402 1885 καλ

290 1926 412 1987 πολλῶν
434 1917 493 1985 ὑπ’
514 1918 752 2009 ἀμφοῖνμιίτην
777 1920 947 2005 λεχθέντων
969 1916 1146 2005 σννήρπασί
1167 1944 1213 1996 τις
1235 1927 1297 1987 τῶν
1317 1918 1439 1990 ‘Por-lb

290 2025 390 2105 μαίων
413 2024 505 2090 odolo
530 2027 580 2090 καὶ
606 2024 745 2106 ἰνίβαλεν
769 2026 812 2100 εἰς
828 2022 863 2089 τδ
881 2020 1107 2109 δεσμωτήριον,
1142 2021 1400 2092 ουνεποινούντων

292 2133 353 2193 τῶν
370 2128 587 2215 Μαμερτίνων.

252 2234 278 2287 Ι)
397 2232 459 2295 Καί
485 2228 576 2315 ὃμὲν
593 2227 691 2307 οὕτως
714 2228 788 2312 ὃλην
804 2224 920 2314 ἀνάγκη
940 2227 996 2311 τήν
1012 2224 1181 2313 Μεσσήνην
1198 2227 1345 2309 ίξίλιπεν,
1370 2230 1401 2294 oi

290 2331 498 2419 Καρχηδόνιοι
523 2335 558 2401 δὲ
574 2332 723 2400 ἰκύλοοαν
740 2333 796 2415 μὲν
812 2331 865 2397 τὸν
876 2330 1026 2411 Ἄννωνα,
1057 2329 1174 2420 κήρυκα
1192 2333 1226 2397 δὲ
1242 2342 1306 2410 τοῖς
1317 2330 1401 2399 Ῥω-

288 2435 391 2516 μαίοις
403 2434 544 2520 ίπεμψον
556 2434 611 2519 τήν
624 2463 656 2504 τε
664 2433 833 2519 Μεσσήνην
850 2436 979 2500 ἐκλιπεῖν
996 2433 1165 2511 κελεύοντες
1180 2438 1231 2500 καί
1248 2436 1282 2501 ίκ
1298 2432 1446 2521 πύσηςλῡ

291 2536 435 2605 ἀπελθεῖν
457 2542 597 2618 Σικελίας
619 2542 651 2605 ἰν
678 2537 777 2628 ήμίρηι
802 2537 896 2625 ῥητῇ·
929 2542 980 2603 καί
1000 2540 1147 2622 στρατιὰν
1165 2537 1400 2607 οἷπεστύλκασιν.

291 2636 334 2718 ὥς
350 2642 385 2707 δ’
405 2642 460 2711 οὔκ
484 2644 641 2709 ἰπείθοντο
660 2642 689 2707 οἰ
700 2639 870 2723 Ῥωμαῖοι,
895 2638 968 2718 τούς
984 2668 1015 2707 τε
1032 2648 1305 2730 μισθοφορούντας
1321 2643 1398 2729 παρ’

146 2750 180 2802 W
197 2749 225 2805 Π
241 2752 277 2813 54
294 2744 397 2824 αύτοΐς
412 2747 445 2824 ίξ
457 2746 587 2822 Ἰταλίας
603 2745 778 2811 ἆπίκτειναν
797 2747 847 2808 καὶ
865 2749 903 2830 τῇ
919 2741 1071 2832 Μεσσήνη
1088 2746 1278 2833 προσίβαλον
1295 2746 1308 2830 (
1369 2753 1384 2768 ”

337 2952 339 2957 ·
365 2924 468 2977 oerore
485 2919 537 2985 τδε
552 2924 646 2993 χεῖρας
663 2916 861 2988 Αἰίἰοοίιειο.,
877 2914 929 2981 τὰς
943 2924 1039 3041 χεῖρας
1054 2914 1123 2974 ποτε
1138 2922 1208 2977 PW.
1276 2923 1402 2987 8ουτυς

364 2986 495 3044 ἔπλευσεν
510 2993 542 3045 Δ.
643 2986 707 3053 θὲς
725 2992 757 3044 0.
861 2984 978 3057 εύρδνο
998 3008 1014 3042 ν
1031 3018 1066 3027 -
1084 2993 1118 3046 13
1136 2986 1187 3044 ούκ
1202 2986 1288 3060 ἤθελε
1305 2992 1401 3047 Dionis

361 3068 512 3182 23⁶5le
530 3060 820 3202 Ὺαχὲττρίαετστχήὲῂ.
853 3059 888 3115 18
904 3066 932 3112 et
947 3058 984 3112 20
999 3054 1135 3128 Μεσήνην
1152 3061 1216 3114 PW.
1316 3062 1351 3118 19
1367 3056 1401 3116 dl

293 3280 419 3337 claudius
436 3299 519 3338 neree
535 3283 640 3337 refecit.
673 3282 768 3338 Hunno
786 3300 890 3338 oeusen
907 3283 979 3353 rupti
992 3283 1105 3337 foederis
1115 3282 1240 3337 Romanis
1251 3283 1401 3355 adeoriptu-

292 3353 442 3493 :titii
454 3353 944 3493 &battitilllsttld
954 3352 1403 3491 trittittniiitlltff

234 3548 236 3555 ,
292 3497 337 3544 tus
353 3498 395 3544 est
412 3508 442 3544 ee
459 3509 510 3545 non
530 3507 665 3561 passurum
684 3496 714 3543 ut
730 3491 842 3546 Romani
860 3493 903 3546 rel
918 3508 1008 3545 manus
1019 3492 1045 3543 in
1059 3492 1122 3544 mari
1136 3491 1284 3545 abluerent.
1321 3491 1403 3546 Clen-

292 3560 351 3611 dius
375 3578 458 3625 vero,
478 3562 541 3615 freti
565 3567 660 3613 nature
687 3562 872 3628 considerata,
896 3561 1015 3631 captarit
1030 3561 1159 3615 refluxum
1177 3562 1233 3614 eius
1250 3569 1403 3614 otrentum

292 3628 367 3681 sirnul
384 3646 418 3681 ex
432 3629 510 3684 ltelia
527 3629 553 3682 in
569 3628 685 3682 Siciliam
702 3630 829 3696 ferentes,
846 3631 937 3699 itaque
954 3630 982 3681 in
998 3628 1108 3683 insulam
1125 3630 1231 3684 treiecit
1247 3629 1404 3700 probibente

291 3698 412 3760 nemine3
431 3705 459 3750 et
474 3697 636 3753 Mamertinis
653 3700 680 3751 in
697 3707 775 3768 portu
793 3700 910 3753 inventis
928 3701 998 3765 (non
1016 3698 1126 3766 Hanno,
1144 3716 1201 3753 cum
1219 3700 1293 3753 eires
1310 3717 1405 3770 suspe-

292 3774 349 3819 otos
375 3767 501 3834 baberet,
526 3785 612 3821 ereem
630 3769 767 3834 tuebatur)
787 3786 835 3838 pro
852 3770 973 3822 contione
990 3768 1122 3837 persuasit
1143 3776 1173 3821 ut
1188 3770 1343 3823 Hannonem
1359 3786 1405 3822 ar-

292 3840 433 3888 cesserent
467 3836 515 3907 qui
531 3837 583 3890 etsi
601 3837 760 3891 descendere
779 3837 898 3907 nolebet,
922 3846 1009 3892 tanen
1032 3836 1134 3890 veritus
1152 3855 1185 3891 ne
1203 3838 1353 3892 Mamertini
1369 3839 1405 3891 de

293 3904 397 3959 iniuriis
422 3905 472 3959 sibi
497 3906 575 3959 foetis
602 3913 797 3976 ounquerenter
813 3907 875 3959 nuri
896 3906 995 3977 eliquid
1011 3906 1182 3973 molirentur,
1207 3906 1234 3961 in
1253 3914 1403 3961 contionem

293 3974 382 4037 venit3
408 3981 437 4026 et
454 3975 540 4028 multis
559 3976 647 4029 verbis
665 3976 790 4044 utrinque
805 3979 904 4028 frustra
921 3976 1014 4042 fectis,
1036 3992 1055 4026 e
1071 3976 1182 4044 quodem
1199 3977 1317 4031 Romano
1334 3996 1404 4031 oom-

291 4044 437 4163 prebenssus
453 4044 632 4167 ἱριιυαρρχταρίι
650 4045 799 4111 coniicitur,
817 4045 1213 4167 Memenirlristgpprgbautibnn
1262 4116 1288 4168 ,b
1381 4114 1390 4166 Ι

417 4130 442 4165 rc
497 4132 512 4167 e
633 4130 727 4167 eseana
745 4132 893 4167 neosssano
912 4134 943 4168 re
953 4134 978 4167 re
1022 4130 1038 4166 τ
1187 4133 1270 4168 noenu
1290 4133 1321 4168 ns
1337 4131 1403 4169 nu·

293 4188 366 4236 tatus
383 4189 440 4247 est;
457 4191 485 4236 et
504 4200 556 4236 uua
574 4200 631 4235 eum
643 4182 762 4237 'exercitu
780 4184 941 4237 ouduoeator
952 4184 984 4236 ad
998 4116 1243 4252 Ronennblherens,
1260 4202 1309 4255 per
1325 4201 1403 4267 quem

293 4252 433 4306 edioebant
456 4261 485 4306 ut
508 4253 654 4307 Messanam
679 4252 861 4323 relinquerent
884 4262 914 4307 et
935 4256 1007 4307 intra
1028 4262 1128 4307 certum
1151 4254 1219 4307 diem
1236 4262 1292 4307 tota
1309 4252 1402 4306 Sicilia

295 4321 461 4379 excederent.
497 4322 622 4377 Romanis
641 4339 705 4376 vero
723 4340 774 4377 non
792 4323 1049 4395 obtemperantibus,
1073 4322 1157 4376 Italos
1179 4325 1226 4395 qni
1243 4324 1313 4394 upud
1330 4323 1402 4394 ipsos
