3134 4909
237 269 313 340 218
595 264 768 340 lolllllls
794 268 993 338 ZONARAE

342 447 418 520 Τοίς
436 430 598 524 Ῥωμαίοις
622 443 656 508 δέ
677 442 754 526 μετὰ
777 447 876 507 ταῦτα
899 442 939 508 τιλ
962 436 1129 526 πράγματα
1146 436 1202 503 oda
1220 437 1350 506 σἰταλαι·
1400 466 1404 476 ·

236 543 347 632 πώρως
377 542 529 633 ἐχώρησεν
560 548 602 622 είς
630 544 665 612 τὸ
694 545 824 628 βέλτιον.
875 540 891 608 ὃ
918 544 978 630 ηδρ
1007 541 1211 631 Μάρκελλος,
1244 543 1348 626 ἐπειδὴ

237 650 458 734 κατηγορηθείς
482 646 641 730 ἀπελύθη,
666 645 808 732 ὥρμησεν
834 647 882 712 lul
906 647 961 712 τδν
979 646 1128 728 Ἀννίβαν,
1154 649 1208 708 καλ
1230 644 1270 708 τὰ
1293 646 1348 726 μέν

98 767 222 824 Pleno
239 757 364 818 ιιλιΐστα
394 750 437 815 δι’
471 750 638 837 ἀσφαλείας
667 751 813 828 ίαοιεΐτο,
852 749 960 825 δεδιὼς
985 748 1064 832 τιρδς
1090 746 1348 830 διιονενοημένους

239 856 497 920 διακινδυνεῦσαι·
531 857 557 918 εί
581 854 617 917 δέ
637 877 710 919 ποτε
732 849 916 936 ἠναγκάσθη
939 856 1123 938 προσμῖξαι,
1149 851 1292 935 κρείττων
1315 851 1373 914 duo

240 953 416 1044 φρονήσεως
433 956 576 1048 εὐτολμίρι
592 955 778 1041 κεκραμένης
794 954 919 1038 ἐγένετο.
971 950 987 1019 δ
1011 945 1065 1018 οὖν
1084 953 1223 1031 Ἀννίβας
1246 950 1299 1017 διά
1315 977 1348 1016 τε

238 1067 353 1137 ταῦτα,
379 1061 431 1124 καί
454 1055 500 1124 ὅτι
525 1058 558 1123 αλ
582 1054 685 1134 πόλεις
710 1057 742 1120 αλ
759 1062 978 1140 συμμαχοῦοαι
996 1055 1079 1144 αὐτῷ
1098 1056 1131 1120 αλ
1147 1056 1203 1136 μὲν
1220 1057 1348 1138 έηκατα-

239 1163 416 1227 λελοίαεσαν
433 1161 526 1226 αὐτὸν
544 1161 576 1225 αἱ
594 1161 627 1224 δέ
644 1163 832 1233 διενοοῦντο,
858 1162 908 1223 καὶ
927 1158 970 1222 δι’
991 1159 1069 1245 ἕτερ’
1089 1157 1185 1235 ἄττα,
1210 1163 1348 1222 κακῶσαι

238 1265 277 1328 τδι
292 1265 392 1350 χωρία
409 1261 491 1346 doli
509 1264 643 1344 κατέχειν
661 1256 725 1338 οἷος
742 1253 779 1344 ἦν
796 1263 975 1349 ίιτεχείρησε.
1024 1263 1075 1326 καὶ
1093 1265 1217 1335 πολλοῖς
1233 1258 1349 1342 ίλυμή-

122 1431 127 1438 ,
239 1391 331 1444 νατο,
358 1366 409 1430 καὶ
425 1367 547 1441 πλείους
566 1364 618 1429 διὰ
634 1370 724 1430 τοῦτο
743 1364 923 1452 ἀφίσταντο.
1355 1372 1391 1426 10

340 1470 421 1552 Περί
445 1469 480 1532 δὲ
496 1469 635 1532 Σαλπίαν
659 1464 747 1532 πόλιν
769 1465 887 1532 τοιόνδε
910 1491 939 1530 τι
963 1465 1116 1532 συνέπεσε.
1166 1461 1222 1530 δύο
1240 1462 1349 1550 ἄνδρες

237 1571 277 1634 τὰ
303 1567 468 1656 πράγματα
495 1570 596 1636 αὐτῶν
623 1565 712 1652 είχον,
749 1566 898 1657 διάφοροί
923 1593 955 1632 τε
984 1565 1128 1650 ἀλληλοις
1156 1558 1246 1650 η’σαν.
1296 1569 1349 1630 ani

232 1672 359 1748 Ἀλίνιος
375 1674 431 1753 μὲν
447 1673 485 1738 τδι
504 1679 564 1738 τῶν
581 1671 804 1754 Καρχηδονίων
820 1667 958 1757 ίφρόνει,
983 1668 1142 1747 Πλαύτιος
1166 1671 1200 1734 δὲ
1222 1668 1261 1734 τὰ
1287 1675 1348 1734 τῶν

199 1769 402 1857 ΒῬωμαίων,
428 1771 464 1849 δς
487 1777 538 1838 καί
554 1774 717 1856 διειλέχθη
742 1779 787 1860 τῷ
807 1774 924 1860 Ἀλινίῳ
946 1774 1015 1860 περί
1039 1775 1206 1857 προδοσίας
1227 1778 1282 1855 τῆς
1306 1773 1348 1848 είς

232 1873 411 1958 Ῥωμαίους.
462 1871 653 1958 μηνύσαντός
677 1901 708 1940 τε
732 1875 827 1952 εδθδς
849 1876 962 1940 ἐκείνου
979 1881 1024 1962 τῷ
1034 1875 1157 1965 Ἀννίβρ
1173 1880 1290 1952 ταῦτα,
1316 1875 1347 1951 ές
1355 1885 1389 1938 15

238 1979 325 2062 δίκην
349 1973 475 2060 εἰσήχθη
502 1975 518 2042 ὃ
535 1976 703 2056 Πλαύτιος.
752 1979 975 2060 βουλευομένου
993 1978 1027 2042 δὲ
1044 1984 1099 2043 τοῦ
1113 1978 1252 2059 Ἀννίβου
1267 1977 1348 2060 μετδ

237 2087 298 2145 τῶν
323 2081 477 2162 συνέδρων
502 2079 585 2156 ὅπως
609 2079 703 2146 αὐτὸν
726 2077 866 2160 κολάσει,
891 2077 1056 2163 ἐτόλμησεν
1079 2080 1130 2144 dn'
1156 2079 1229 2164 ὄψει
1252 2080 1347 2146 αὐτοῦ

236 2187 281 2270 τῷ
293 2181 409 2269 ’Λλινίηι
429 2183 521 2260 πέλας
538 2208 596 2247 που
614 2181 677 2248 ὄντι
695 2185 763 2267 περὶ
780 2185 946 2269 προδοσίας
963 2173 1056 2260 αὖθις
1074 2185 1174 2248 εἰπεῖν.
1209 2178 1347 2264 ἀναβοή-

237 2309 348 2360 σαντος
365 2284 399 2348 δ’
419 2285 532 2351 ίκείνου
545 2281 565 2308 “
576 2285 622 2350 λ’δε
639 2284 686 2350 lle
693 2331 704 2364 ,
722 2288 772 2350 καί
787 2292 841 2350 νῦν
852 2309 906 2368 μοι
919 2289 988 2372 περί
1001 2287 1097 2351 αὐτοῦ
1109 2282 1219 2350 τούτου
1232 2283 1344 2365 tale?

237 2385 293 2454 οὐκ
309 2388 481 2454 ἐπίστευσεν
497 2384 515 2453 ὃ
537 2388 675 2471 Ἀννίβας
692 2389 744 2454 διδ
760 2387 796 2454 ad
815 2386 939 2468 ἄτοπον,
965 2388 1045 2454 ἀλλὰ
1061 2391 1113 2454 καὶ
1129 2385 1171 2466 ὥς
1188 2395 1388 2477 συκοφαν-λθ

305 2617 323 2668 2
340 2607 483 2734 ίχοίρησαν
500 2614 532 2673 A.
618 2613 637 2668 3
654 2609 785 2736 ίλυαγδη
802 2616 835 2670 A.
921 2615 940 2671 b
956 2615 1183 2671 διακινδυνεῦσαι
1198 2617 1257 2685 ΑΟ,
1273 2612 1347 2670 διτο-

305 2699 350 2738 ιιιν
369 2683 483 2737 υνεδσαι
500 2683 567 2737 Pw.
685 2682 703 2737 6
734 2682 826 2750 χίνετο
842 2682 875 2742 A.
992 2677 1293 2752 ’ίέηκαταλελοίιτασιν
1312 2685 1345 2740 A.

306 2753 341 2805 10
358 2743 508 2816 ίφίσταυτσ
525 2752 564 2817 A,
580 2745 735 2820 ὑφίσταντο
753 2752 784 2803 Β.
904 2754 934 2805 11
954 2751 1075 2806 σαλιτιάν
1090 2754 1152 2821 BC,
1168 2751 1295 2807 σαλκόαν
1312 2757 1346 2818 Α,

303 2819 454 2872 Σαλαπίαν
471 2819 542 2870 PW:
556 2837 572 2888 p
610 2818 679 2870 ,λλιλ
691 2838 718 2874 ν.
728 2821 741 2872 l
752 2819 805 2872 eti
817 2820 877 2872 libri
889 2837 978 2873 oannee
991 2821 1096 2893 σαλκίηι
1109 2830 1136 2875 et
1147 2824 1287 2890 σαλπηνοί
1301 2825 1346 2876 vel

303 2887 448 2952 σαλαινοί,
473 2893 503 2938 nt
519 2888 539 2938 A
561 2887 634 2954 piani
659 2887 692 2940 da
714 2887 791 2941 bellio
809 2888 930 2941 civilibus
949 2889 1023 2942 152.
1142 2887 1221 2945 εοιόν
1238 2887 1271 2944 δέ
1287 2891 1345 2959 AB,

306 2955 436 3010 τοιοῦτον
453 2950 487 3007 δέ
504 2953 526 3006 Ρ
565 2991 572 3008 .
667 2955 700 3010 13
713 2948 825 3019 'Alienos
840 2966 869 3009 et
887 2953 1044 3028 Πλαύτιος]
1061 2954 1166 3022 Adeone
1182 2966 1211 3014 et
1228 2959 1345 3022 Βλάτιος

306 3021 376 3093 apud
394 3022 539 3093 Appianum
558 3029 587 3076 et
601 3023 716 3081 Livium.
788 3027 822 3080 15
838 3019 935 3095 δυ’μην
951 3028 984 3079 A.
1053 3027 1088 3083 17
1105 3023 1210 3096 κολάση
1226 3029 1259 3084 A.

339 3227 406 3282 Post
427 3227 494 3280 baeo
515 3219 560 3281 nea
576 3228 695 3282 Romana
711 3241 764 3280 non
781 3227 850 3281 eitra
865 3245 1002 3283 aeramnae
1018 3230 1048 3283 ia
1065 3231 1156 3284 nelina
1173 3231 1266 3284 ιαοίιιὶ
1283 3248 1346 3285 ooe·

233 3295 284 3367 pit.
321 3295 464 3380 Marcellae
481 3297 550 3380 enim
567 3313 624 3382 ροιιι
643 3297 779 3350 abaolntna
797 3305 885 3380 eeaet,
910 3299 1081 3383 [iannibalaan
1097 3316 1238 3384 aggreaana
1255 3301 1343 3370 plera·

233 3365 1347 3506 littllit‘ll'llzilinll“stfflltlllllilii-*Alilet‘l

233 3501 1120 3628 :ltitit'itlilbul‘lllll‘il„lt”diffinite
1134 3505 1286 3626 “Aequi
1302 3505 1345 3624 λλ

233 3636 284 3690 elia
309 3637 450 3707 quaedam,
474 3655 507 3692 ea
531 3639 589 3693 looa
611 3659 679 3711 qnae
701 3641 773 3692 tueri
797 3639 925 3709 nequibat
947 3651 1054 3696 ventare
1075 3613 1208 3697 instituite
1234 3592 1344 3711 denelae

118 3755 123 3774 ,
233 3705 328 3758 multoe
345 3716 483 3774 vexaaaet,
502 3723 518 3760 a
535 3709 655 3776 pluribus
672 3707 854 3762 deserebatur.

340 3774 370 3825 ln
393 3775 456 3826 urbe
480 3783 566 3830 antem
592 3777 701 3846 Salapia
724 3778 780 3830 tale
803 3777 928 3847 quiddam
952 3775 1057 3833 aooidit.
1092 3777 1144 3831 dno
1161 3778 1215 3831 viri
1231 3793 1344 3831 annuae

232 3841 272 3897 ibi
302 3850 443 3910 praeerant
470 3843 541 3896 inter
568 3861 598 3896 ae
625 3845 821 3899 diaaentientea.
855 3863 914 3898 nam
941 3845 1042 3897 Alinine
1068 3847 1151 3898 carth
1188 3846 1343 3911 ‘nienaiboa,

233 3911 351 3965 Plautina
367 3911 493 3964 Romania
514 3913 656 3980 studebat,
681 3919 709 3966 et
733 3931 792 3967 enan
809 3914 895 3966 Alinio
921 3913 955 3966 de
979 3913 1046 3966 nrbe
1069 3913 1192 3968 Romame
1216 3914 1345 3968 tradenda

233 3979 377 4034 collocutus
395 3985 462 4032 erat.
499 3981 569 4048 qnod
587 3998 644 4034 oum
662 3981 705 4034 ille
722 3984 811 4036 atatim
828 3982 862 4034 ad
880 3979 1052 4034 Hannibalem
1069 3983 1225 4050 detuliaaet‚
1249 3985 1276 4036 in
1300 3984 1344 4036 ina

230 4048 359 4101 adduotna
380 4055 422 4100 eat
438 4049 566 4102 Plautina.
601 4050 748 4103 Hannibale
767 4059 855 4103 antero
874 4050 982 4102 onmiie
1000 4050 1089 4118 quiin
1106 4050 1211 4106 oonsilio
1230 4052 1344 4104 aderant

230 4117 264 4172 de
287 4117 344 4170 eine
366 4134 416 4186 anp
435 4116 496 4170 licio
512 4117 691 4182 deliberante,
718 4134 800 4170 auena
817 4124 860 4170 eat
876 4119 903 4170 in
922 4136 984 4171 oona
1046 4119 1163 4173 ni'oeni
1179 4138 1236 4172 oum
1255 4119 1343 4172 Alinio

229 4185 316 4238 denuo
334 4186 368 4239 de
385 4134 476 4239 eadem
493 4204 524 4240 re
541 4203 630 4256 agere.
666 4185 712 4238 illo
730 4202 795 4238 varo
814 4187 976 4240 exclamante
1009 4205 1071 4241 eooe
1089 4205 1160 4256 ecoe,
1179 4189 1343 4241 nuncetiam

230 4252 264 4306 de
281 4255 431 4323 proditione
447 4271 546 4310 meeum
563 4248 653 4326 agit‚’'
670 4259 780 4327 propter
797 4255 838 4310 rei
856 4257 1045 4312 abaurdItatean
1062 4255 1195 4312 Hannibal
1212 4272 1264 4309 non
1282 4272 1342 4309 ere·
