3134 4909
260 265 338 339 676
617 264 790 335 ΙΟλΝΝΙθ
815 264 1012 335 zomon

258 446 305 531 spi
326 432 537 528 παρερτήσατο
560 436 733 521 ἀμοιβαδὸν
755 444 795 526 τῇ
814 445 922 528 γραφῇ
932 439 1112 528 χρωμένους
1128 436 1206 504 κατά
1222 437 1368 525 τεταγμέ-

259 568 332 619 νους
348 541 474 628 καιροδς
488 543 540 605 καὶ
555 539 800 630 βιβλιογράφους
817 542 871 627 οάχ
895 542 1006 627 ἥττους
1028 540 1122 630 κόρας
1146 568 1177 608 τε
1201 547 1368 628 καλλιγρα-

260 655 327 733 φεῖν
343 645 530 728 ἠσκημένας,
549 652 594 733 τῷ
610 652 667 712 τοῦ
682 647 852 733 μαρτυρίου
870 646 987 733 λέγεται
1004 651 1199 731 κοσμηθῆναι
1215 643 1368 735 στεφάνῳ,

132 802 139 809 .
172 832 176 839 Ι
258 746 326 832 ἅμα
341 734 557 836 Πρωτοκτήτρλ
573 750 779 837 πρεσβυτέρῳ.

362 848 573 938 Αάταρχήσας
602 852 637 916 δ’
668 843 758 929 οὗτος
789 846 805 916 ὅ
834 852 1010 932 Μαξιμῖνος
1036 848 1130 927 εάθδς
1155 849 1303 917 ἐπέστειλε
1330 856 1369 937 τῇ
1376 867 1396 921 5

260 951 436 1044 συγκλήτῳ,
461 955 517 1039 τὴν
540 956 572 1019 έκ
596 960 657 1021 τῶν
684 951 922 1041 στρατευμάτων
949 950 1116 1039 ἀνάρρησιν
1141 951 1238 1042 ταύτῃ
1267 958 1370 1038 δηλῶν

260 1056 381 1124 ἑαυτοῦ.
433 1058 469 1123 οὗ
493 1055 600 1142 μόνοις
625 1060 658 1123 δέ
686 1068 874 1146 χριστιανοῖς
892 1056 1002 1143 ’βαρὺς
1024 1053 1140 1141 ὑπῆρχε
1166 1061 1216 1122 καί
1242 1055 1369 1141 ἀπηνής,

261 1161 342 1227 ἀλλά
360 1164 410 1227 καί
428 1168 502 1226 πᾶσι
519 1170 583 1238 τοῖς
598 1157 754 1244 ὑπηκόοις.
793 1158 941 1247 ὑβριστής
958 1186 988 1225 τε
1007 1161 1065 1245 γὰρ
1083 1152 1121 1243 ἦν
1138 1164 1189 1225 καὶ
1206 1158 1369 1247 ἔρασιχρή·

10 1271 15 1280 ’
120 1284 173 1338 Pl
192 1280 245 1338 621
261 1290 376 1347 ματος,
398 1264 564 1329 κάντεῦθεν
582 1267 632 1329 καὶ
650 1262 839 1341 ἀδικώτατος
856 1266 906 1329 καί
925 1261 1027 1350 φόνων
1044 1260 1172 1348 ἐργάτης
1188 1267 1239 1328 καλ
1256 1263 1371 1349 τάραν-

260 1394 312 1445 νος
334 1367 492 1454 άντικρυς,
513 1365 662 1453 χωρήσας
677 1365 877 1453 είςάρπαγάς
893 1369 943 1431 καί
961 1366 1129 1452 ἀναιρέσεις
1146 1364 1320 1454 ἀνθρώπων
1337 1370 1413 1445 ἰξιθ

260 1472 406 1554 οάδεμιᾶς
422 1468 548 1555 εὐλόγου
567 1477 676 1553 λοιβῆς·
727 1478 873 1539 τοσοῦτον
899 1470 931 1535 δ’
955 1472 997 1547 εἰς
1012 1472 1191 1556 μιαιφονίας
1207 1468 1371 1551 ἐξώκειλεν,

262 1572 305 1654 ὣς
320 1575 399 1660 μηδὲ
416 1582 471 1659 τῆς
486 1577 568 1653 ἰδίας
584 1577 755 1663 φείσασθαι
770 1569 927 1659 γυναικός·
948 1572 1086 1656 κάκείνην
1103 1573 1163 1659 γὰρ
1182 1573 1290 1639 ἀνεῖλε.
1314 1573 1370 1656 τὴν

263 1682 375 1745 οἰκείαν
401 1678 433 1744 δ’
462 1674 527 1744 οἷον
553 1678 764 1745 ἰπικολάπτων
790 1677 972 1762 δυσγένειαν,
1008 1676 1080 1754 τοὺς
1104 1678 1161 1759 μὲν
1187 1678 1372 1764 εὐπατρίδας

261 1783 390 1866 ήτίμου,
416 1789 638 1870 προσῳκειοῦτο
656 1783 691 1847 δί
706 1783 778 1859 τοὺς
795 1782 827 1859 ἰξ
844 1780 980 1869 ἀφανῶν.
1012 1780 1063 1845 διά
1081 1786 1178 1846 ταῦτα
1194 1782 1294 1845 τοίνυν
1310 1778 1370 1847 ἀπὸ

262 1884 385 1950 πάντων
406 1887 566 1969 μεμίσητο.
617 1884 840 1970 ἰκστρατεόσας
862 1885 896 1949 δὲ
918 1884 997 1948 κατὰ
1015 1886 1181 1970 Γερμανῶν
1195 1883 1252 1966 τήν
1262 1883 1371 1971 χάραν
1379 1901 1415 1955 15

263 1986 365 2053 αάτεόν
388 1989 548 2070 ἔληίσατο,
573 1994 634 2053 τῶν
655 1986 826 2075 βαρβάρων
849 1986 980 2071 μηδενὸς
1001 1982 1257 2074 ἀποφαινομένου.
1308 1986 1373 2055 εἶτα

150 2117 156 2125 ’
262 2092 331 2177 περὶ
355 2088 395 2155 τά
418 2090 471 2173 ἕλη
496 2091 546 2154 καλ
569 2088 626 2167 τάς
651 2102 782 2173 συνεχεῖς
805 2086 1001 2175 ἀνεφάνησαν
1023 2090 1119 2167 ὕλας·
1143 2090 1233 2157 κάκεῖ
1254 2091 1287 2156 δέ
1311 2098 1372 2158 τάν

259 2190 417 2276 Ῥωμαίων
445 2190 664 2259 εἰσελασάντων
689 2190 797 2277 πλήθη
824 2192 923 2257 πολλά
950 2193 1159 2280 ἀνῃρέθησαν.
1208 2198 1260 2260 καλ
1290 2194 1369 2262 olleo

134 2320 136 2324 ’
225 2294 392 2381 Βνικήσας
407 2298 577 2381 ἐπανῆλθεν
601 2294 828 2380 ὃΜαξιμῖνος,
853 2295 1055 2382 αἰχμαλώτων
1077 2297 1200 2383 πληθὺν
1223 2297 1371 2385 ἰπαγόμε-

263 2426 326 2478 νος.
377 2397 477 2466 πάντα
499 2402 534 2466 δὲ
555 2400 595 2466 τά
618 2407 679 2467 τῶν
701 2399 843 2485 ὑπηκόων
860 2399 1105 2489 σφετεριζόμενος
1121 2404 1171 2466 καί
1183 2400 1415 2489 χρηματιζό-λο

265 2530 357 2589 μενος
375 2500 528 2570 πάντοθεν
545 2505 617 2570 olli
633 2512 694 2570 τῶν
711 2505 801 2591 ἱερῶν
818 2505 973 2588 ἀπέσχετο.
1024 2504 1209 2588 αἰτιωμένων
1224 2498 1278 2571 οὖν
1294 2511 1373 2589 ξυμ-

265 2604 387 2673 πάντων
403 2607 474 2683 toln
491 2604 679 2692 στρατιώτας
697 2609 768 2686 τοὺς
785 2607 878 2673 αὐτὸν
893 2606 1149 2691 βασιλεύσαντας,
1168 2608 1197 2673 οἶ
1214 2609 1245 2674 ἰν
1262 2608 1374 2697 Λιβύῃ

335 2828 568 2903 έπροντεκτήτωρ
585 2832 617 2888 Δ.
713 2834 747 2889 Ιλ
764 2828 849 2905 ίδίας]
869 2831 975 2901 οἰκείοις
989 2838 1044 2903 ΑΒ.

221 3096 226 3107 ‚
266 3046 296 3095 et
309 3045 410 3112 septem
427 3037 558 3110 expeditis
573 3037 686 3092 noter-iis
703 3039 828 3094 adhibitis
850 3040 897 3111 qui
918 3060 968 3112 per
985 3044 1057 3098 vices
1074 3046 1225 3099 seriberent
1246 3064 1279 3099 ao
1293 3044 1375 3099 libra-

265 3110 313 3166 riis
338 3128 390 3165 nou
414 3109 582 3179 paucioribus
603 3118 632 3162 et
655 3110 800 3179 virginibus
824 3112 962 3180 eleganter
978 3114 1094 3167 seribere
1111 3115 1225 3185 edoctis,
1251 3114 1375 3184 martyrii

265 3196 436 3235 coronatum
456 3180 611 3231 Protooteto
627 3180 785 3248 presbytero
803 3180 940 3233 redimitus
960 3200 1018 3236 esse
1036 3184 1199 3254 perhibetur.

370 3249 529 3302 Maximinus
545 3265 631 3300 rerum
650 3249 749 3318 potitus
766 3249 871 3303 senatui
888 3252 986 3319 stetim,
1004 3262 1034 3305 ut
1051 3271 1068 3306 e
1087 3252 1214 3307 militibus
1232 3252 1376 3323 imperator
1431 3248 1437 3258 '

265 3318 414 3389 eppellatus
431 3326 518 3384 esset,
535 3317 705 3386 signifieanlt.
740 3336 790 3372 nec
806 3320 834 3373 iu
854 3320 1019 3375 Christianos
1036 3322 1164 3377 duntaxat
1180 3340 1276 3377 suevus
1295 3332 1375 3392 utque

188 3399 192 3407 ’
265 3388 382 3442 immanis
400 3387 520 3452 exstitit,
549 3389 596 3440 seol
619 3386 647 3439 in
669 3388 789 3443 subditos
812 3406 895 3459 seque
914 3408 1013 3445 omues.
1048 3410 1106 3447 nem
1125 3402 1151 3445 et
1168 3394 1298 3463 superbus
1315 3398 1377 3445 eret

267 3465 296 3509 et
312 3455 440 3527 pecuniae
457 3456 567 3523 aridus,
585 3472 669 3525 eaque
686 3458 720 3509 de
737 3475 818 3511 cause
834 3460 1019 3514 iniustissimus
1036 3468 1064 3513 et
1080 3462 1281 3531 sanguinarius,
1300 3460 1377 3513 deni-

266 3542 318 3596 que
335 3526 414 3596 pleno
429 3533 574 3592 tyrannus,
598 3527 631 3578 ed
656 3526 762 3596 rupinas
788 3538 815 3581 et
839 3530 935 3583 coedes
952 3530 1082 3584 bominum
1100 3532 1158 3585 sine
1176 3532 1226 3585 ulla
1244 3529 1378 3601 probabili

266 3610 347 3648 censa
369 3608 461 3646 ruensr
484 3596 519 3647 ad
541 3612 607 3665 ques
632 3596 699 3648 adeo
724 3614 869 3666 propensus
894 3600 960 3664 fnit,
988 3608 1018 3652 ut
1044 3618 1092 3654 nec
1116 3602 1205 3654 uxoris
1222 3618 1286 3655 sune
1302 3600 1376 3653 ritae

264 3672 396 3786 parueret.
419 3665 591 3717 occultandae
607 3682 686 3735 porro
702 3667 880 3736 ignobilitatis
897 3686 960 3721 sune
978 3670 1073 3737 studio,
1091 3672 1212 3739 patriciis
1230 3670 1376 3741 despectis,

283 3734 396 3790 ominum
417 3733 586 3793 obscurorum
608 3735 787 3789 familiaritate
814 3739 945 3791 utebatur.
979 3740 1075 3807 quibus
1097 3741 1130 3792 de
1153 3741 1240 3794 causis
1261 3740 1375 3793 omnium

265 3803 326 3856 odie
342 3802 470 3871 suscepit.
506 3801 574 3854 bello
592 3804 732 3857 Germanis
749 3806 822 3859 illoto
839 3806 952 3877 praedor
970 3824 1002 3859 ex
1019 3809 1090 3877 agris
1107 3810 1178 3877 egit,
1204 3811 1374 3863 barbarorum

265 3871 413 3927 nominoio
431 3880 596 3941 conspectum
613 3875 747 3936 veniente.
782 3875 877 3929 deinde
895 3876 966 3927 circe
984 3877 1093 3946 paludes
1117 3888 1146 3932 et
1166 3888 1307 3949 perpetues
1328 3876 1374 3930 eil-

265 3950 537 4067 ltellll‘ltzllle
555 3958 610 4065 lt
628 3944 1375 4087 tlollllllllllll’nllllllsslllllllb

266 4094 391 4135 reversus
403 4088 459 4135 est
474 4082 521 4134 sod
540 4084 602 4151 quie
619 4082 672 4135 sibi
689 4084 775 4136 omnia
790 4084 951 4135 subditorum
969 4086 1037 4139 boue
1054 4086 1213 4154 vindicabat,
1231 4104 1280 4141 neo
1295 4086 1373 4141 ullsm

268 4152 395 4220 pecuniae
419 4151 563 4221 rapiendae
585 4151 747 4205 ooeesionem
769 4150 935 4221 negligebat,
962 4172 993 4207 eo
1015 4173 1049 4209 ue
1070 4156 1154 4209 seoris
1176 4156 1281 4225 quidem
1306 4154 1374 4226 ipsis

267 4221 431 4286 abstinebat,
449 4221 567 4273 omnibus
583 4238 630 4273 eos
647 4221 756 4286 milites,
781 4238 801 4274 ει
815 4223 909 4291 quibus
926 4222 1069 4293 imperetur
1088 4232 1194 4278 creatus
1212 4233 1300 4292 met,
1318 4224 1373 4279 ool-

155 4316 159 4325 ·
267 4288 406 4359 pentibus,
431 4289 574 4345 Afrloenae
595 4290 712 4361 legiones
732 4297 789 4346 tum
805 4308 837 4347 es
854 4292 889 4346 de
904 4308 983 4349 eausa
999 4302 1054 4349 tum
1070 4294 1122 4350 alia
1139 4296 1250 4367 quedem
1266 4294 1303 4350 ιε’
1314 4293 1373 4349 irri-
