3134 4909
478 279 483 287 “
598 295 814 365 mutuom
831 300 868 366 x
885 301 937 368 ao.
1240 298 1315 371 sss

208 497 318 549 σαντος
335 470 495 557 Καίσαρος
514 468 549 535 τὸ
571 470 628 553 μέν
644 470 856 557 κατεφλέχθη,
881 470 916 537 τὸ
940 471 975 536 δὲ
999 468 1096 538 ἑάλω·
1121 470 1238 557 λέγεται
1255 472 1316 561 γὰρ

207 579 276 665 περὶ
292 575 468 663 τριακοσίας
485 578 561 658 νῆας
577 570 751 639 ἑαλωκέναι.
933 587 939 597 ’
1420 661 1422 664 Ι

312 678 364 743 30.
416 682 564 742 Τοιοῦτον
586 678 642 758 μέν
668 667 722 741 οὖν
745 681 786 763 τῆ
810 678 964 766 ναυμαχίᾳ
987 675 1073 753 τέλος
1095 675 1211 761 ἐγένετο
1237 676 1316 741 κατὰ

208 781 265 865 τῆν
282 779 424 867 δευτέραν
440 786 495 844 τοῦ
512 779 721 864 Σεπτεμβρίου
739 774 851 861 μηνός,
869 782 919 842 καλ
936 777 1002 843 τότε
1019 775 1103 865 μόνῳ
1119 787 1163 867 spi
1182 781 1318 867 Καίσαρι

184 884 245 951 bui
264 880 376 969 κράτος
392 881 475 947 ἅπαν
491 881 718 971 περιελήλυθεν,
745 878 788 957 ὡς
813 881 846 944 έκ
868 878 977 945 τούτου
1003 880 1040 962 dp*
1066 887 1122 945 τοῦ
1139 890 1246 966 καιροῦ
1263 881 1319 965 τὴν

210 986 304 1051 αὐτοῦ
320 988 489 1072 μοναρχίαν
505 988 709 1071 ψηφίζεσθαι.
759 981 848 1047 πόλιν
872 983 906 1047 δ’
927 985 959 1063 ly
977 990 1020 1071 τῷ
1036 988 1092 1047 τοῦ
1108 986 1314 1068 στρατοπέδου
1331 992 1357 1047 D

208 1086 293 1177 τόπῳ
311 1084 474 1176 συνῴκισε,
500 1085 667 1153 Νικόπολιν
684 1086 816 1163 καλέσας
832 1083 937 1167 cirria.
988 1084 1094 1168 ἴστησε
1119 1088 1154 1151 δέ
1176 1090 1227 1151 καί
1243 1084 1319 1172 στῆ-

209 1197 267 1269 λας
281 1196 400 1273 χαλκᾶς
418 1187 586 1276 ἀνθρώπου
603 1192 653 1255 καὶ
671 1189 753 1255 ίινου.
804 1188 919 1273 λέγεται
943 1187 1002 1275 γὰρ
1026 1187 1136 1265 νυκτὸς
1153 1186 1196 1254 έτι
1213 1187 1318 1271 σι’ίσης,

210 1294 289 1359 καθ’
318 1292 356 1377 ἣν
381 1290 498 1379 ἡμέραν
514 1289 543 1375 ῆ
569 1294 723 1375 ναυμαχία
749 1290 894 1373 συνέστη,
925 1290 985 1357 int
1012 1297 1067 1374 τῆς
1094 1299 1209 1376 σκηνῆς
1234 1290 1319 1378 αὐτῷ

168 1410 204 1465 10
212 1393 394 1484 προελθόντι
417 1398 468 1460 καί
493 1392 637 1482 περιιόντι
662 1396 719 1470 τὰς
744 1398 820 1469 ναῦς
848 1392 1013 1479 ἄνθρωπος
1038 1400 1222 1477 συναντῆσαι
1248 1391 1319 1459 ὄνον

208 1496 353 1576 ἐλατίνων,
378 1498 545 1585 πυθομένῳ
564 1495 749 1578 discriteus
767 1500 857 1560 είπεῒν
876 1492 967 1577 “turoi
983 1496 1039 1577 μέν
1054 1495 1193 1579 Εὔτυχος
1209 1494 1318 1579 ὄνομα,

207 1608 252 1687 τῷ
270 1601 303 1666 δ’
323 1600 383 1687 ὄνῳ
400 1599 536 1667 Νίκων.”
584 1600 617 1663 ui
634 1604 744 1681 πῆλαι
762 1596 795 1661 δ’
814 1588 903 1663 αὗται
921 1596 1048 1683 ὕστερον
1064 1598 1318 1681 ἆνακομισθεῖσαι

208 1708 251 1781 είς
266 1703 301 1769 τὸ
320 1700 489 1782 Βυζάντιον
506 1701 635 1785 έστησαν
653 1704 684 1767 έν
700 1708 744 1788 τῷ
760 1705 817 1782 τῆς
833 1701 1019 1783 ίππηλασιάς
1036 1698 1170 1789 θεάτρῳ.

307 1802 355 1870 Ἡ
375 1807 407 1870 di
432 1802 504 1887 πεζή
527 1830 560 1869 τε
584 1806 635 1870 καὶ
658 1801 764 1885 ἱππικὴ
782 1798 911 1885 δύναμις
927 1810 982 1868 τοῦ
995 1802 1155 1869 Ἀντωνίου
1170 1803 1249 1886 μετὰ
1265 1802 1321 1887 τῆν
1359 1780 1379 1805 ⁸

168 1920 204 1973 15
212 1908 323 1974 έκείνου
348 1906 447 1994 φυγὴν
470 1904 587 1993 ἡμέρας
611 1903 688 1973 ἔπτὰ
710 1907 919 1989 συμμείνασα,
953 1907 1039 1983 τέλος
1064 1912 1108 1995 τῷ
1134 1904 1321 1994 κρατήσαντι
1336 1921 1360 1976 P
1375 1917 1389 1972 l
1406 1917 1457 1972 527

209 2007 451 2099 προσεχώρησεν.
500 2010 577 2086 τινές
603 2010 636 2073 δέ
662 2012 712 2073 καὶ
738 2006 874 2091 μάλιστα
899 2014 962 2099 τῶν
992 2006 1150 2091 Ῥωμαίων
1177 2010 1321 2095 ἀπῆλθον

208 2114 286 2200 πρὸς
301 2114 355 2179 τὸν
366 2110 534 2193 Ἀντώνιον,
560 2112 589 2177 oi
607 2112 643 2177 δέ
656 2138 689 2199 χε
707 2109 864 2195 σύμμαχοι
882 2112 996 2178 οἴκαδε.
1041 2109 1058 2177 ὃ
1074 2112 1178 2194 μέντοι
1195 2117 1321 2199 Καίσαρ

209 2218 251 2295 εἰς
266 2217 323 2301 τὴν
336 2216 465 2282 Ἰταλίαν
482 2216 631 2301 ἠπείχθη,
656 2213 701 2299 μή
718 2241 747 2280 τι
766 2212 955 2281 στασιάσωσι
974 2218 1142 2302 φοβηθείς·
1167 2216 1270 2281 ίλθολυ
1287 2215 1320 2279 ri’
1400 2292 1405 2305 ρ

208 2322 240 2397 ές
265 2320 300 2384 τὸ
328 2321 517 2405 Βρεντέσιον,
549 2320 650 2384 οὐκέτι
676 2319 860 2404 πορρωτέρω
887 2314 1123 2405 προύχώρησεν·
1155 2314 1178 2399 ii
1203 2341 1236 2382 τε
1261 2315 1321 2402 γὰρ
1418 2306 1422 2313 ’

279 2480 367 2546 δαίνυ
384 2492 434 2545 add
451 2494 484 2546 Α.
586 2488 710 2559 dunois
726 2507 766 2543 om
784 2492 808 2541 Α
824 2491 888 2543 Dio.
993 2492 1029 2544 lo
1048 2487 1218 2556 προελθόντι
1233 2508 1275 2545 om
1286 2491 1320 2546 A.

280 2564 313 2615 11
331 2556 437 2629 daupu]
462 2554 587 2628 τοῦνομα
605 2560 638 2613 Β.
741 2560 775 2613 tn
794 2555 826 2612 αλ
842 2560 941 2627 στῆλαι
957 2588 994 2598 -
1011 2555 1233 2629 tarantasiae
1250 2558 1321 2615 &ssi-
1390 2625 1392 2628 ¹

278 2647 335 2700 τρφ
358 2630 441 2683 habet
464 2630 541 2682 etiam
563 2628 678 2682 Michaei
703 2629 804 2697 Giyeas
821 2628 961 2682 Annalium
980 2648 1008 2699 p.
1024 2628 1077 2683 380
1100 2633 1142 2687 cd.
1165 2630 1251 2683 Boun.
1276 2648 1324 2688 aas

278 2705 382 2753 statuas
401 2698 471 2752 inter
488 2715 551 2751 aera
567 2715 583 2751 a
600 2696 704 2751 Latinis
717 2697 794 2781 cpoli
811 2698 915 2768 direpta
934 2706 1060 2751 memorat
1069 2698 1180 2753 Nicetes
1191 2698 1324 2755 cruciata

276 2786 304 2839 p.
322 2766 376 2822 860
393 2769 435 2822 cd.
452 2768 538 2827 Βοιιιι,
574 2770 609 2821 ci.
628 2768 750 2819 Suetonii
769 2765 839 2836 Aug.
856 2786 879 2823 c.
898 2767 942 2823 96.
1025 2770 1081 2833 ‘lo
1103 2770 1156 2823 τοῦ
1179 2765 1323 2823 :anseres

278 2854 320 2890 om
338 2837 372 2890 C.
479 2835 514 2889 16
529 2833 719 2907 προσεχώρησε
736 2836 768 2906 Α,
784 2832 999 2905 προσεχώρησαν
1014 2836 1083 2892 PW.

310 2975 442 3028 reeens.
479 2972 547 3041 Cup.
563 2973 609 3027 30.
644 2970 743 3026 Diouis
759 2972 897 3025 Historias
914 2973 1168 3029 Rauennatium
1186 2974 1322 3030 a.1-1o.

280 3042 589 3110 Heraclammonem,
614 3060 637 3095 c.
655 3042 688 3095 65
707 3041 742 3095 66
759 3042 794 3098 69
811 3041 846 3095 74
863 3041 1002 3099 76—78.
1038 3043 1135 3097 additu
1157 3051 1223 3099 aaut
1247 3060 1320 3112 pesa

278 3113 312 3165 de
328 3113 428 3166 uetuit
447 3112 613 3181 Byzantium
630 3114 773 3166 translatis
790 3120 945 3166 sanutus
962 3131 987 3166 υ.
1006 3112 1040 3165 12
1057 3113 1101 3165 13.

210 3262 335 3315 decimam
351 3262 507 3328 restitisset,
530 3262 603 3316 iussn
620 3264 743 3319 Caesaris
758 3265 816 3334 igni
836 3265 935 3316 iniecto
954 3263 1049 3333 partim
1067 3270 1183 3317 cremata
1201 3270 1244 3316 ast
1259 3281 1323 3335 par·

209 3332 257 3385 tim
274 3339 362 3401 capta.
397 3334 521 3385 dicuntur
538 3332 644 3385 circiter
660 3342 799 3388 trecentae
816 3349 898 3385 naves
916 3349 975 3384 essa
991 3338 1096 3401 captae.

313 3401 356 3458 30.
390 3401 443 3454 Hie
468 3402 570 3471 navalis
595 3418 699 3471 pugnae
718 3404 768 3456 init
785 3402 887 3465 exitus,
913 3409 1008 3470 quarto
1033 3417 1115 3453 nonas
1140 3398 1324 3466 Septembris3

211 3485 243 3521 ae
259 3472 315 3521 tnm
333 3470 432 3523 Caesar
448 3472 518 3523 seins
536 3486 622 3523 rernm
641 3473 751 3525 omnium
770 3470 853 3539 potiri
870 3470 968 3539 coepit,
986 3479 1016 3522 at
1032 3470 1067 3522 ab
1084 3486 1115 3521 eo
1133 3474 1254 3536 tempore
1273 3468 1323 3521 im-

211 3536 314 3607 perinm
338 3540 393 3591 eins
416 3539 545 3591 numerari
568 3539 687 3607 incipiat.
723 3542 750 3593 in
773 3546 918 3591 castrorum
940 3538 997 3589 ioco
1025 3538 1115 3590 urbem
1132 3536 1282 3606 Nicopolim
1308 3552 1324 3589 a

210 3606 327 3659 victoria
345 3608 446 3661 nomine
462 3608 548 3660 indito
568 3610 695 3673 condidit,
714 3614 742 3659 et
759 3615 860 3659 statem
877 3624 969 3660 aereas
987 3606 1100 3658 hominis
1117 3614 1147 3659 et
1161 3605 1228 3658 asini
1245 3605 1326 3658 coilo·

210 3675 292 3730 cavit.
328 3676 412 3728 fertur
434 3678 500 3729 enim
525 3684 653 3730 nocturno
671 3685 791 3746 tempore
807 3676 893 3744 pridie
911 3676 968 3727 ains
987 3675 1041 3728 disi
1058 3693 1111 3745 qno
1129 3676 1226 3728 navale
1243 3692 1325 3745 praa-

210 3745 271 3797 iinm
289 3745 450 3799 commissum
467 3753 509 3798 est
524 3748 695 3799 tabernaculo
714 3746 745 3797 ad
764 3762 847 3796 naves
865 3744 1074 3813 contemplandas
1091 3761 1216 3814 egroesns
1232 3744 1261 3797 in
1277 3744 1325 3795 ho-

210 3813 303 3867 minem
321 3830 460 3882 agasonem
476 3815 613 3877 ium-iisse,
634 3815 679 3885 qni
697 3822 811 3883 rogetus
825 3813 884 3882 quis
903 3823 975 3866 esset
991 3815 1167 3883 responderit,
1186 3813 1239 3867 sibi
1255 3816 1326 3867 For·

210 3880 297 3939 tunati
309 3899 367 3935 esse
380 3897 481 3949 nomeu,
499 3884 574 3935 asino
588 3883 728 3939 Victorini.
748 3900 796 3935 eas
814 3892 920 3935 statuae
936 3891 997 3952 post
1007 3884 1169 3951 Byzantium
1179 3881 1324 3935 mamistae

209 3951 236 4005 iu
254 3950 372 4021 equestri
388 3951 492 4003 theatro
509 3960 651 4008 steterunt.

313 4018 456 4071 Pedestres
483 4032 568 4073 antem
593 4028 621 4073 et
646 4026 783 4090 equestres
807 4018 916 4072 Astomi
940 4019 1033 4087 copias
1057 4035 1115 4071 cnm
1141 4026 1244 4089 septem
1260 4021 1325 4086 post

208 4086 278 4141 iilius
294 4090 384 4157 sugam
402 4088 458 4141 dies
475 4090 689 4157 permansissent,
707 4091 821 4159 deniqne
838 4090 871 4141 ad
891 4088 1016 4142 victorem
1033 4087 1225 4141 transiverunt.
1260 4084 1322 4153 qni-

209 4156 266 4211 dam
284 4174 349 4211 vern
368 4174 401 4211 ex
417 4156 543 4209 Romanis
561 4158 724 4227 potissimum
741 4160 772 4210 ad
791 4158 951 4221 Antonium,
974 4158 1040 4209 socii
1062 4159 1164 4210 domum
1187 4154 1322 4207 abisrnnt.

210 4224 312 4279 Caesar
336 4228 364 4280 in
387 4224 490 4281 italiam
515 4243 674 4296 properans,
699 4229 800 4283 veritus
824 4244 858 4279 na
881 4226 942 4296 quis
964 4226 993 4277 in
1018 4242 1050 4279 ea
1075 4233 1159 4278 motns
1185 4224 1322 4291 existeret,

211 4293 384 4349 Brundusium
402 4310 461 4349 cnm
478 4294 615 4364 veniuet,
639 4312 690 4349 non
707 4297 818 4369 amplius
836 4303 879 4351 est
896 4309 1067 4366 progressam
1085 4308 1144 4347 πετο
1159 4291 1198 4345 ibi
1217 4307 1275 4346 enm
1293 4303 1323 4348 et
