3134 4909
483 329 490 338 ’
566 335 779 402 λΝΝλλΙΙίΜ
806 337 858 402 lx
880 337 932 402 10.
1228 332 1303 406 220

296 504 428 572 Μαθὼν
446 505 480 570 δέ
496 507 594 572 ταῦθ’
614 503 630 571 ὃ
650 509 792 586 Σκιπίων,
819 509 945 590 πέμψας
969 507 1045 593 πρὸς
1068 507 1104 573 td
1128 508 1302 594 ἀποστατή-

196 635 253 675 σαν
277 606 483 694 στρατόπεδον
508 611 674 676 ἐπέστειλεν
697 611 802 687 αὐτοῖς
824 617 1043 696 σογγιωμονῶν
1067 614 1162 694 δῆθεν
1184 611 1231 678 ὅτι
1248 615 1301 680 διά

194 710 310 776 όνδειαν
334 719 394 776 τῶν
418 713 589 798 ἀναγκαίων
613 714 817 800 ἐνεωτέρισαν,
850 717 899 779 καὶ
923 716 1018 798 μηδὲν
1040 711 1303 780 δποπτεῦσατδιά

195 820 285 879 τοῦτο
303 815 405 894 ἀξιῶν,
432 819 561 882 ἐπαινῶν
585 819 619 882 δδ
641 820 692 881 καλ
715 818 788 893 τοὺς
810 816 866 901 τὴν
883 818 980 904 ἀρχὴν
998 817 1098 884 αὐτῶν
1114 819 1302 900 ἀναδεξαμέ-

171 930 268 992 5νοος
295 921 346 982 ’ίνα
375 921 472 1002 μηδὲν
502 920 598 984 δεινδν
628 919 648 1002 ἢ
679 917 824 986 πάθωσιν
853 919 874 1004 ἢ
902 919 1040 1005 δράσωσι
1066 921 1120 984 διὰ
1145 920 1302 1006 ἀναρχίαν.

195 1025 321 1084 τοιαῦτα
345 1029 399 1086 τοῦ
422 1025 589 1100 Σκιπίωνος
613 1019 791 1108 γράψαντος
814 1024 845 1088 οἳ
870 1030 1053 1108 στρατιῶται
1077 1020 1230 1105 μαθόντες
1255 1022 1302 1090 ὅτι

195 1124 308 1206 περιείη
329 1126 379 1186 καὶ
397 1125 468 1188 οὔδ’
489 1125 635 1210 ὀργίζοιτο
654 1129 769 1212 σφίσιν,
796 1126 884 1190 stols
908 1125 950 1191 ἴτε
977 1123 1173 1209 διεκίνησαν.ι
1209 1123 1251 1203 ὡς
1267 1128 1300 1191 δ’

194 1223 378 1310 ἀνερράσθη
386 1273 397 1304 ,
423 1227 520 1310 τραχδ
542 1229 598 1309 μὲν
616 1227 686 1292 etot
703 1227 769 1294 τότε
787 1229 890 1306 σάτοῖς
908 1230 1087 1312 ἐπηπείλησε
1093 1278 1103 1309 ,
1127 1229 1254 1313 πέμψας
1270 1231 1304 1296 δὲ
1319 1238 1341 1292 1’
1356 1237 1371 1294 1
1387 1239 1439 1294 stt

194 1327 250 1408 τήν
267 1352 298 1392 τε
316 1328 436 1414 τροφὴν
454 1329 623 1396 ἀποδώσειν
639 1327 796 1412 ἀπέσχετο,
821 1335 870 1395 καί
889 1330 1005 1408 πάντας
1015 1333 1098 1419 ’πρὸς
1115 1333 1208 1398 attor
1227 1333 1304 1420 ἀφι-

153 1431 306 1495 lost—‘odas
325 1428 465 1496 ἐκάλεσεν
489 1429 531 1509 ὥς
554 1432 592 1496 ἀν
613 1430 803 1514 βούλωνται,
829 1432 849 1516 ἢ
877 1432 991 1518 ἀθρόοι
1016 1433 1035 1516 ἢ
1061 1438 1092 1499 ἓν
1114 1437 1199 1520 μίρει
1224 1437 1303 1501 κατά

194 1532 349 1616 διαδοχάς.
403 1533 432 1597 οἱ
468 1536 505 1600 δέ
535 1559 568 1620 γε
599 1542 784 1620 στρατιῶται
815 1536 887 1600 κατ’
922 1537 1041 1620 ὃλίχοος
1070 1537 1215 1602 ἀπελθεῖν
1247 1540 1303 1603 οὐκ

193 1634 384 1721 ἐθάρσησαν,
411 1632 489 1718 ὁμοῦ
517 1636 551 1704 δ’
579 1635 731 1719 ἀπῆλθον.
784 1641 833 1700 καί
852 1635 868 1701 ὃ
888 1640 1023 1702 Σκιπίων
1038 1639 1097 1716 ἕξω
1115 1645 1170 1704 τοῦ
1187 1643 1305 1722 suigaut

194 1739 304 1816 αι”τοδς
317 1740 506 1804 αὐλίσασθαι
522 1740 613 1827 (πρὸς
625 1739 755 1824 ἱσπίραν
767 1739 826 1825 γάρ
840 1732 889 1825 ἦν)
903 1739 1073 1818 διετάξατο,
1090 1745 1141 1805 καί
1154 1745 1304 1827 παρέσχεν
1379 1773 1395 1788 ‘

195 1843 298 1918 αδτσῖς
331 1839 480 1928 ἀφθόνως
509 1841 548 1906 τὰ
574 1840 737 1924 ἐπιτήδεια.
791 1845 841 1906 καὶ
867 1843 895 1905 οἱ
920 1844 976 1926 μὲν
1002 1843 1303 1928 ἐστρατοπεδεύοντο,

152 1943 287 2020 15αάτδς
312 1945 346 2009 δι’
370 1945 441 2021 τοὺς
463 1945 676 2030 θρασστίροος
700 1945 800 2010 αὐτῶν
818 1948 859 2021 είς
877 1943 931 2028 τὴν
948 1944 1035 2011 πόλιν
1052 1951 1199 2012 εἰσελθεῖν
1215 1974 1304 2013 κατε-

195 2045 334 2126 σκεύασε,
360 2050 410 2111 καί
429 2053 485 2130 τῆς
501 2048 607 2124 νυκτὸς
625 2049 737 2124 αὐτοὺς
753 2048 916 2130 κατασχὼν
933 2050 1030 2133 ίδησε.
1057 2049 1122 2132 ἅμα
1141 2051 1171 2115 δ’
1192 2049 1302 2142 ἢμίρρ,

193 2146 235 2226 ὥς
253 2149 310 2229 ίξω
328 2177 379 2215 ποι
397 2149 599 2235 στρατεύσων,
618 2149 717 2216 πόντοι
734 2152 787 2216 τὸν
805 2152 901 2216 αὐτοῦ
917 2153 1048 2238 στρατὸν
1065 2148 1303 2239 προεξῖπεμψεν.

194 2250 257 2318 εἶτα
273 2255 345 2330 τοδς
362 2253 431 2338 ἀρτι
450 2251 598 2331 ἐλθόντας
615 2255 687 2322 είσω
705 2261 760 2320 τοῦ
778 2258 894 2337 τείχους
912 2254 982 2320 άνεο
999 2262 1060 2321 τῶν
1077 2255 1179 2320 ὅπλων
1198 2253 1302 2318 ε’κάλε·
1318 2274 1340 2326 Β

194 2381 255 2432 σιν,
285 2357 329 2421 ἵν’
358 2358 442 2442 αὐτῷ
467 2355 767 2443 σοστρατεόσωνται,
794 2355 937 2437 λαβόντες
962 2357 997 2421 sd
1023 2357 1225 2439 σιτηρέσιον,
1253 2360 1305 2420 καὶ

151 2455 293 2533 nootzog
323 2455 523 2524 εἰσελθόντων
553 2457 654 2522 αὐτῶν
684 2456 814 2538 ἐσήμηνε
844 2467 908 2534 τοῖς
939 2454 1176 2542 δκκεχωρηκόσιν
1202 2455 1305 2545 ὥσπερ

197 2556 277 2640 εἶχον
294 2559 480 2623 ἐπανελθεῖν.
532 2562 582 2622 καὶ
605 2558 756 2643 περισχὼν
779 2556 892 2634 αὖτοδς
914 2559 1012 2622 πολλὰ
1035 2562 1084 2624 καὶ
1103 2559 1236 2626 ὠνείδισε
1253 2564 1304 2625 καί

195 2661 354 2745 ἠπείλησε,
382 2664 431 2724 καί
449 2661 534 2737 τίλος
553 2657 685 2738 “πάντες
710 2662 790 2744 μίνυ
819 2661 878 2749 ἔφη
899 2657 1028 2726 αθανεῖν
1052 2666 1118 2729 ἔστε
1143 2663 1240 2741 ἀξιοι,
1268 2666 1304 2730 oti

263 2816 360 2907 θὸτιχ
374 2817 415 2876 ἔτι
430 2823 463 2876 A.
545 2887 552 2906 μ
576 2817 838 2890 4άναδεξοιμὲνοος
855 2818 947 2874 otras
963 2824 996 2879 Α.
1113 2824 1254 2892 latoniae
1271 2826 1303 2879 Α.

262 2893 414 2962 ὃταχολ.
453 2891 673 2961 1οβονλητοαΑ.
725 2895 754 2945 15
769 2887 1012 2960 αόιὸς]ικάιοῦςο.
1061 2891 1258 2958 θρασυτάτους
1269 2895 1303 2949 Α.

265 2960 297 3015 17
314 2964 371 3012 ποῖ
388 2961 428 3027 Β,
453 2976 509 3012 που
527 2961 593 3014 PW.
713 2961 747 3014 ‘lu
765 2958 867 3022 πάντες
883 2956 933 3028 μέν
950 2992 985 3001 -
1002 2981 1029 3032 p.
1048 2961 1101 3016 230
1118 2980 1143 3019 τ.
1163 2963 1180 3014 2
1198 2957 1301 3024 ἀλλους

264 3024 366 3098 ἀφίημι
390 3047 423 3082 ax
441 3029 534 3082 Dionis
553 3030 621 3086 libro
642 3031 688 3084 16:
712 3031 872 3083 Bachmanni
890 3029 990 3082 Anecd.
1009 3049 1049 3098 gr.
1071 3032 1083 3082 l
1121 3070 1127 3084 .
1147 3032 1215 3096 206;
1241 3032 1304 3086 sni-

264 3101 311 3152 das
328 3100 491 3166 etEtymol.
509 3099 601 3169 Magn.
619 3099 647 3152 in
664 3094 872 3172 ίδικαιτδθησαν
890 3101 962 3168 (exc.
982 3100 1069 3152 Vales.
1101 3049 1144 3165 ἀ).

299 3235 359 3297 Quo
386 3236 477 3306 Scipio
502 3233 655 3303 intellecto,
683 3237 812 3290 exmcitni
835 3254 884 3307 per
911 3238 1013 3288 litteras
1044 3235 1147 3288 veniam
1175 3235 1303 3304 promisit,

195 3303 264 3374 qttcd
284 3321 370 3357 rerum
388 3307 593 3363 necessariarum
611 3307 722 3375 penuria
739 3306 825 3358 coacti
843 3305 923 3356 rebus
935 3305 1009 3355 novis
1022 3304 1192 3362 studuissent,
1210 3311 1304 3370 patens

118 3381 121 3386 '
196 3391 229 3426 na
249 3373 312 3442 quid
330 3391 361 3426 ex
379 3392 410 3426 eo
429 3375 489 3427 mali
508 3375 712 3442 suspicarentur,
731 3373 887 3428 collaudatis
903 3373 936 3424 iis
952 3375 1000 3440 qui
1018 3373 1198 3441 magistratum
1215 3386 1304 3422 eorum

195 3443 355 3512 gessissent,
381 3459 414 3496 ne
430 3444 487 3495 sina
504 3443 613 3513 imperio
630 3444 741 3512 gravius
758 3441 858 3509 aliquid
876 3441 916 3491 vel
934 3441 1103 3508 designarent
1120 3438 1162 3490 val
1179 3445 1303 3556 perpete-

194 3517 297 3563 rontur.
334 3521 394 3580 post.
415 3513 462 3566 has
488 3513 619 3582 Scipionis
643 3513 759 3577 litteras,
788 3511 846 3562 eius
868 3509 1046 3562 incolumitate
1071 3517 1098 3560 et
1123 3506 1303 3578 placabiituta

195 3579 312 3648 cognita,
331 3580 393 3634 nihil
409 3581 518 3650 amplius
533 3589 739 3634 commoverunt.
774 3579 819 3630 ubi
837 3595 902 3630 vero
919 3576 1062 3642 convaluit,
1080 3595 1112 3628 ne
1130 3583 1184 3628 tum
1199 3577 1303 3646 quidam

120 3653 131 3664 '
195 3648 316 3718 asperius
336 3649 374 3700 eis
391 3659 433 3702 est
449 3651 636 3718 comminatus,
659 3652 842 3716 frumentoque
861 3646 989 3716 promisso
1007 3663 1094 3697 omnes
1114 3646 1147 3698 ad
1165 3663 1194 3698 se
1214 3646 1303 3698 vestire

195 3719 287 3784 iussit,
303 3717 362 3768 sive
378 3719 494 3786 singulos
510 3737 559 3788 per
578 3719 649 3772 vices
667 3719 725 3770 siva
744 3717 882 3768 universos
899 3714 990 3781 simul,
1013 3723 1099 3768 utrum
1117 3715 1170 3784 ipsi
1186 3717 1302 3769 mallent.

195 3787 290 3840 milites
315 3802 378 3838 vero
402 3787 547 3854 singulatim
571 3806 600 3841 se
622 3789 646 3840 ai
671 3785 781 3839 eredere
804 3802 855 3836 non
879 3785 952 3852 ausi,
977 3801 1065 3836 omnes
1089 3801 1140 3837 una
1161 3792 1302 3840 venerunt.

195 3873 261 3924 quos
281 3853 371 3924 Scipio
390 3855 488 3920 (aarum
506 3859 574 3910 enim
593 3857 665 3923 erat)
691 3863 767 3908 extra
792 3853 892 3907 moenia
916 3870 1021 3906 munere
1042 3853 1136 3920 iussit,
1160 3865 1303 3906 commeatu

195 3924 299 3976 abunde
317 3923 496 3992 suppeditato,
513 3927 666 3994 curavitque
684 3931 819 3977 uteorum
837 3922 1002 3975 audacissimi
1020 3923 1047 3974 in
1065 3925 1154 3976 urbem
1172 3925 1303 3989 venirent,

196 4009 293 4061 eosque
311 4004 388 4045 noctu
407 3995 607 4066 comprehensos
625 3995 717 4047 vinxit.
755 3994 800 4046 ubi
819 3992 926 4057 diluxit,
954 4009 1052 4044 omnem
1075 3992 1219 4045 exercitum
1243 3999 1303 4042 tan·

195 4079 272 4132 quant
291 4062 461 4132 expeditione
477 4063 599 4116 instituta
618 4062 766 4132 praemisit:
794 4060 887 4113 deinde
910 4061 1020 4125 milites,
1046 4062 1092 4130 qui
1109 4079 1203 4114 recens
1221 4075 1302 4110 vene-

196 4137 265 4196 rant,
284 4131 397 4185 inermes
415 4131 441 4182 in
462 4134 550 4184 urbam
568 4133 600 4184 ad
618 4149 646 4184 aa
668 4132 780 4200 vocavit,
800 4138 831 4183 ut
850 4133 966 4199 aceeptIs
982 4131 1120 4199 stipendiis
1137 4147 1189 4182 ana
1206 4126 1303 4179 milita-

197 4205 265 4252 rent.
299 4202 395 4269 qnibua
414 4199 453 4253 ita
471 4199 614 4268 ingressis,
638 4200 673 4253 iis
699 4200 744 4268 qni
770 4201 892 4253 exierant
914 4199 1078 4268 significavit
1099 4206 1130 4250 nt
1153 4215 1168 4248 a
1190 4195 1302 4264 vestigio

195 4266 318 4322 redirent.
354 4271 391 4322 ita
407 4269 542 4323 seditiosis
561 4269 746 4322 circumventis
772 4271 850 4322 multa
875 4268 1063 4337 exprobravit,
1090 4267 1172 4318 mults
1191 4264 1303 4318 minatus

196 4339 252 4388 asts
275 4335 389 4408 danique
410 4338 495 4408 dixit,
518 4354 565 4392 sos
589 4354 677 4391 omnes
702 4338 809 4392 exitium
827 4356 886 4391 asse
903 4339 1024 4403 meritos,
1049 4335 1095 4387 sed
1115 4352 1146 4386 se
1162 4335 1195 4388 da
1212 4334 1303 4404 paucis
