3134 4909
582 302 798 373 inustum
820 306 859 373 X
883 306 937 371 32.
1211 305 1290 377 409

186 484 245 545 τῶν
262 475 282 563 'l
300 475 471 542 ἀπολέσθαι
488 478 585 541 ταῦτα
602 476 775 563 προίμενον.
807 486 870 554 τοῖς
885 476 946 564 γάρ
963 475 1045 553 ἅπαξ
1059 474 1290 563 μοναρχήσασιν

186 584 335 670 ἀσφαλῶς
351 582 521 645 ἰδιωτεῦσαι
540 576 613 643 εἶναι
630 578 790 645 ἀδύνατον.
820 576 951 647 ἀπέθετο
969 581 1002 646 δὲ
1017 583 1069 645 καλ
1086 578 1168 657 ὅπως
1184 580 1289 668 ἀσφα·
1371 597 1374 604 “

186 691 248 762 λῶς
263 710 295 750 τε
312 685 362 747 καί
381 678 504 758 δικαίως
520 680 598 769 ἄρξῃ
608 730 618 761 ,
643 682 720 770 πρὸς
738 684 772 749 δέ
788 686 838 748 καί
856 683 1055 766 ἀνεπάχθως,
1079 684 1291 753 πολδνεκατα-

185 791 284 863 τείνας
299 785 388 871 λόγον
404 788 471 873 περὶ
488 793 543 868 τῆς
558 783 743 864 ὑποθέσεως.
795 790 846 851 καλ
872 788 920 850 ἐπὶ
935 794 1011 853 πᾶσι
1027 794 1124 853 ταῑτα
1141 786 1290 874 ἐπήγαγεν
1397 855 1400 864 ,

162 888 232 956 ow
254 888 312 957 ὅσα
338 887 437 976 ἕτερόν
459 914 527 955 τινα
551 888 687 976 ἀρξαντά
706 914 761 955 σου
787 899 882 956 ποιεῖν
905 887 1051 971 ἐβοόλου,
1077 898 1174 955 ταῦτα
1198 892 1328 969 αάτδςΒ

186 992 422 1077 αὐτεπάγγελτος
436 990 592 1080 πράττεις,
610 992 678 1059 οάτε
695 1019 724 1057 τι
742 990 929 1077 άμαρτήσεις
945 996 996 1058 καλ
1012 991 1113 1059 πάντα
1128 992 1291 1083 κατορθῶ-
1329 1017 1332 1028 ’

186 1124 264 1176 σεις,
288 1094 399 1178 ήδιστά
417 1120 449 1161 τε
467 1098 517 1160 καί
536 1094 755 1162 ἀκινδυνότατα
773 1095 906 1180 ζήσεις.”

292 1200 331 1264 Oi
345 1201 402 1282 μέν
420 1190 474 1264 οάν
489 1206 586 1265 ταῦτα
602 1207 646 1287 τῷ
663 1202 799 1286 Καίσαρι
816 1195 1067 1281 συνεβούλευσαν,
1094 1195 1112 1265 ὅ
1138 1198 1172 1265 δέ
1195 1197 1291 1287 ἀμφιο

185 1304 241 1386 μέν
263 1305 314 1368 καί
340 1299 500 1385 ἐδαόμασε
527 1306 576 1367 καλ
602 1300 751 1388 ἐπῄνεσεν,
787 1307 880 1369 εἵλετο
908 1303 942 1367 δὲ
965 1307 1021 1367 τοῦ
1043 1299 1211 1384 Μαικήναν
1235 1303 1291 1387 τήν

142 1416 180 1470 10
187 1405 381 1489 συμβουλήν·
407 1408 456 1469 καὶ
482 1404 549 1471 οὔτε
573 1406 629 1486 τήν
650 1408 819 1492 μοναρχίαν
837 1406 968 1470 άπέδετο
985 1407 1036 1469 καὶ
1052 1406 1109 1488 τὴν
1125 1414 1181 1473 τοῦ
1198 1404 1291 1471 αὗτα-

184 1509 333 1597 κράτορος
343 1504 540 1596 προσειλήφει
554 1509 718 1592 ἐπίκλησιν,
736 1510 771 1572 οὐ
785 1509 842 1591 τὴν
854 1510 903 1572 ἐπὶ
915 1511 1012 1583 νίκαις
1023 1507 1102 1573 κατά
1114 1508 1150 1573 τδ
1164 1510 1291 1592 ἀρχαῖον

185 1614 345 1697 διδομίνην
370 1615 434 1678 τισί
455 1609 581 1694 (ταύτην
604 1610 664 1699 γάρ
688 1610 835 1689 πολλάκις
857 1608 1044 1693 ἐπεκλήθη),
1070 1611 1147 1675 ἀλλὰ
1172 1610 1228 1692 τὴν
1253 1612 1289 1677 τδ

184 1713 295 1803 κράτος
311 1718 518 1799 σημαίνουσαν
534 1716 569 1779 τδ
586 1716 750 1797 βασίλειον.
784 1722 828 1801 τῷ
846 1714 877 1778 δ’
897 1711 966 1797 ἑξῆς
983 1712 1039 1779 ἐτει
1057 1714 1142 1779 ἕκτον
1158 1710 1292 1780 incirco-

187 1843 248 1897 σευ,
269 1820 419 1905 Ἀγρίππα
437 1818 465 1883 oi
482 1816 701 1903 συνάρχοντος,
727 1816 762 1882 δν
777 1814 1030 1904 ὑπερβαλλόντως
1046 1817 1151 1899 ἐτίμα,
1168 1820 1218 1883 καί
1236 1816 1292 1899 τὴν

145 1920 324 2007 λδάδελφήν
342 1920 425 2009 αὐτῷ
439 1920 494 2003 τὴν
507 1920 671 2001 Ὀκταβίου
687 1917 843 2009 συνῴκισε.
894 1922 945 1984 καλ
967 1927 1022 2004 τῆς
1036 1922 1195 2006 γερουσίας
1210 1917 1288 2007 πρό·
1306 1935 1330 1989 (l

186 2050 289 2111 κριτος
306 2023 458 2108 ἐπεκλήθη
475 2019 491 2088 δ
512 2026 634 2110 Καῖσαρ
641 2072 651 2103 ,
678 2020 720 2100 ῶς
743 2025 775 2089 ἐν
799 2031 837 2111 τῇ
857 2024 980 2110 ἀκριβεῖ
1000 2026 1190 2115 δημοκρατίην
1205 2020 1290 2090 νενό-

183 2153 286 2211 μιστο,
312 2126 392 2193 ἀλλα
409 2152 440 2193 τε
458 2126 557 2192 πολλά
575 2129 732 2211 πεποίηκεν
758 2131 800 2204 εἰς
822 2127 912 2212 τιμήν
936 2135 991 2209 τῆς
1012 2124 1131 2211 Ῥώμης
1154 2131 1207 2193 καλ
1230 2133 1292 2195 τῶν

183 2237 324 2309 πολιτῶν,
342 2234 392 2296 καλ
406 2229 552 2316 χρήματα
570 2212 693 2307 πολλοῖς
709 2237 770 2297 τῶν
783 2237 957 2313 βουλευτῶν
969 2231 1131 2315 ἐχαρίσατο
1142 2235 1293 2315 λαμπρῶς

184 2332 393 2416 πευητεάσασι,
415 2331 501 2399 τότε
519 2335 635 2398 παλαιὰ
654 2332 831 2415 συμβόλαια
846 2340 908 2399 τῶν
925 2335 966 2408 είς
983 2331 1018 2395 τδ
1036 2332 1136 2395 κοινόν
1152 2329 1292 2417 όφειλόν-

145 2445 249 2501 butor
266 2437 521 2500 κατέκαυσε·,καὶ
540 2434 597 2498 ὅσα
614 2434 661 2496 ἐπὶ
678 2436 821 2497 Λεπίδου
840 2438 889 2498 καὶ
910 2434 1070 2497 Ἀντωνίου
1094 2432 1205 2511 ἀδίκως
1228 2435 1292 2518 ἐγό-

188 2562 286 2617 νοντο,
313 2538 356 2601 δι’
376 2535 441 2613 ἑνὸς
459 2534 697 2623 προγράμματος
712 2536 876 2601 κατέλυσεν
891 2533 1023 2601 ἅπαντα.
1072 2537 1124 2600 καί
1149 2537 1197 2601 ἐπί
1220 2533 1293 2601 cosi-

185 2665 251 2718 τοις
272 2636 476 2723 δμνοόμενος,
498 2641 550 2705 ’ίνα
574 2644 691 2722 μᾶλλον
715 2641 877 2723 τιμηθείη,
903 2641 954 2703 καί
979 2636 1057 2725 παρ’
1084 2636 1213 2705 ἑκόντων
1237 2638 1294 2725 τήν
1324 2691 1328 2699 ,

253 2802 319 2857 δτι
336 2802 388 2855 add
405 2800 460 2855 ΑΒ.
563 2794 640 2865 ἀοξει
657 2802 691 2860 Α.
795 2798 879 2853 luel
897 2794 943 2853 ε’τιλ
960 2799 1039 2868 πᾶσι]
1057 2791 1104 2854 lul
1119 2801 1189 2855 πᾶσι
1205 2796 1238 2856 δέ
1255 2804 1290 2863 Α.

252 2874 286 2925 15
300 2864 434 2938 ἀδελφήν
450 2900 485 2911 -
503 2862 555 2936 τήν
569 2864 730 2942 Ὀκταβίαν]
749 2865 855 2935 elicio*
890 2864 944 2939 τήν
963 2865 1040 2922 ίδίαν
1058 2870 1092 2922 lli
1113 2872 1222 2925 bilinns:
1240 2872 1290 2925 uio

253 2937 425 3008 ἀδελφιδῆν,
451 2940 611 2995 lllarcellurn.
717 2940 751 2996 17
767 2888 914 2992 πολλάνοαι
931 2942 964 2995 Α.
1071 2889 1112 3000 είς
1129 2936 1181 3008 τήν
1199 2936 1292 3008 ieiune

251 3002 340 3148 Βιρήηέ
353 3011 404 3131 ΑΞθε
464 3007 514 3094 α18
532 3007 698 3077 βουλευτῶν]
717 3010 838 3063 πολιτῶν
853 3008 923 3078 PW,
939 3009 1060 3063 πολιτῶν
1079 3009 1235 3080 βουλευτῶν
1252 3011 1290 3063 At

278 3098 304 3132 ro
342 3096 375 3131 ou
405 3094 486 3137 υταιτ
502 3094 565 3131 τισι.

187 3212 265 3285 quod,
282 3215 327 3283 qni
344 3216 422 3269 semel
439 3216 609 3285 inperat-int,
626 3220 686 3268 tuto
704 3215 782 3269 vitatu
800 3216 932 3285 privatam
948 3230 1029 3282 agero
1046 3212 1117 3265 nollo
1135 3210 1210 3264 nodo
1227 3230 1291 3282 pos.

188 3288 255 3336 sunl.
288 3284 418 3353 longaque
442 3285 563 3337 oratione
589 3286 703 3351 monuit,
729 3286 823 3354 quibus
841 3282 987 3335 rationibus
1004 3290 1062 3334 toto
1079 3288 1107 3333 et
1124 3281 1195 3333 iuste
1212 3292 1238 3333 st
1259 3298 1292 3335 us

188 3352 266 3407 otiam
283 3353 350 3405 citra
367 3353 460 3407 εἰσίασι
479 3354 623 3406 molestiam
640 3356 768 3425 imperare
792 3360 896 3425 posset,
923 3350 972 3402 bac
995 3351 1088 3403 addita
1111 3348 1228 3401 clausula
1269 3351 1293 3403 si

188 3438 220 3473 ea
238 3438 305 3490 qnss
322 3422 373 3473 alio
391 3424 537 3491 imperante
552 3423 600 3475 tibi
618 3417 675 3474 lieri
693 3422 790 3487 velles,
812 3422 871 3487 ipsc
893 3421 964 3471 ultro
986 3420 1083 3473 loceris
1106 3417 1182 3483 aliis,
1206 3434 1240 3469 ns
1259 3435 1294 3471 ns

188 3490 310 3560 peccabis
332 3492 468 3561 quicquam
492 3498 520 3544 at
546 3492 629 3544 omnis
652 3491 766 3545 feliciter
783 3488 976 3542 administrabis
993 3498 1021 3541 ot
1037 3487 1194 3541 suavissimo
1210 3504 1228 3539 n
1265 3504 1295 3541 o-

187 3576 240 3629 que
257 3574 314 3613 oum
332 3561 444 3629 periculo
461 3568 574 3615 aetatem
592 3556 704 3629 degea.”

239 3632 245 3643 ¹
290 3628 340 3681 llis
364 3630 478 3683 consiliis
503 3630 615 3698 auditis,
642 3638 753 3695 utroque
774 3628 888 3695 probato
912 3629 941 3677 et
963 3622 1124 3690 collaudato,
1151 3623 1294 3679 Maecena·

186 3698 222 3751 tia
240 3696 396 3751 sententium
413 3708 455 3751 ost
471 3710 591 3761 secutum
614 3708 642 3752 ct
660 3696 808 3751 monarchia
829 3712 878 3746 non
895 3692 1015 3762 deposita
1033 3706 1228 3763 cognomentum
1245 3695 1294 3747 ins·

187 3768 319 3837 peratoris
337 3766 387 3819 sibi
404 3768 529 3837 adscivit,
556 3784 607 3821 non
635 3767 698 3820 illud
723 3765 793 3834 quod
817 3764 962 3831 antiquitus
986 3764 1021 3815 ob
1045 3763 1186 3818 victorium
1209 3763 1294 3819 tribui

188 3836 302 3899 solebat,
322 3835 369 3887 aad
387 3837 414 3889 id
431 3853 483 3904 quo
500 3838 573 3907 regia
592 3843 709 3905 potestas
726 3834 932 3903 significabatur.
969 3848 1037 3886 anno
1055 3833 1175 3902 sequenti
1192 3843 1294 3887 sextum

187 3906 278 3959 consul
294 3905 395 3972 facins,
421 3906 539 3977 Agrippa
556 3908 673 3976 college,
701 3920 778 3973 quern
793 3903 890 3970 insigni
908 3903 1007 3955 bonore
1024 3904 1232 3972 prosequebatur
1247 3903 1294 3955 do·

187 3990 284 4044 sponsa
301 3974 380 4027 etiam
398 3991 489 4027 sorore
507 3976 639 4043 Octavia,
664 3981 692 4029 et
709 3975 832 4043 princeps
848 3982 956 4025 senatus
973 3972 1171 4040 cognominatus
1189 3980 1245 4039 ost,
1264 3976 1294 4024 ut

186 4043 215 4095 in
230 4044 364 4097 liberrima
379 4042 489 4095 civitate
505 4052 637 4113 receptum
655 4046 752 4097 fuerat.
775 4042 803 4094 in
821 4043 945 4094 bonorem
962 4041 1062 4095 Rornae
1079 4050 1107 4094 ct
1123 4040 1221 4094 civium
1237 4048 1292 4093 som

187 4110 240 4165 alis
250 4114 324 4179 lecit,
334 4120 389 4167 tum
401 4112 494 4165 multos
507 4122 608 4182 patrum
618 4114 650 4166 ad
663 4119 806 4181 egestatem
818 4112 939 4163 reductos
950 4110 1096 4163 liberaliter
1107 4109 1226 4173 donavit,
1237 4114 1293 4161 tuns

187 4190 294 4235 veteres
311 4180 416 4235 tabulas
432 4198 521 4235 eorurn
538 4182 583 4254 qui
600 4182 629 4234 in
647 4182 763 4235 aerarios
780 4180 858 4235 reloti
873 4181 980 4233 lucrant
1001 4179 1117 4244 exussit,
1145 4186 1199 4231 turn
1224 4193 1293 4244 qnae

188 4251 238 4302 sub
255 4252 369 4305 Antonio
389 4258 418 4305 et
436 4252 537 4321 Lepido
560 4268 607 4321 per
631 4250 752 4305 iniuriam
777 4258 838 4305 sota
860 4250 967 4302 fuerant
982 4265 1033 4302 nno
1051 4250 1159 4301 decreto
1176 4246 1294 4299 abolevit

189 4318 284 4373 onnia.
321 4338 386 4393 quas
411 4324 445 4376 ob
469 4336 513 4375 res
534 4338 592 4375 cum
614 4320 733 4376 laudibus
749 4321 778 4375 in
796 4320 896 4375 osclum
912 4316 1070 4386 ellonotm,
1091 4314 1199 4371 maioris
1215 4315 1293 4371 σῶοι
