3134 4909
578 356 793 425 mnarum
814 358 848 423 X
865 358 896 423 4.
1216 354 1291 426 309

183 550 252 610 νηςΙ
263 524 297 589 δέ
318 519 509 604 βασιλεύσειν
531 525 585 592 τόν
606 524 684 595 υἱόν.
735 530 782 592 ἐπὶ
799 524 918 605 τούτοις
935 524 951 591 δ
968 526 1025 609 μὲν
1044 522 1198 615 Τιγράνης
1214 526 1291 617 η’γά-

184 653 290 711 πηοεν,
317 623 333 691 δ
360 627 394 692 δέ
415 627 481 704 υλδς
505 628 686 718 ἐδυσφόρει,
712 632 764 694 καὶ
789 632 913 713 κληθείς
936 632 1127 705 ἐπλδεῖπνον
1152 630 1207 697 οάκ
1231 630 1291 719 ἐφη

184 733 356 812 Πομπηίου
369 733 491 795 δεῖσθαι
508 738 635 797 τοιαῦτα
651 738 815 815 τιμῶντος·
838 736 889 797 καλ
906 732 965 818 γὰρ
984 732 1076 811 αὐτὸς
1092 733 1184 801 ἀλλον
1200 730 1292 821 εόρή-

186 858 251 897 σειν
263 828 422 913 Ῥωμαῖον.
447 834 480 898 ἐκ
497 833 606 900 τούτου
624 837 727 911 δεθεὶς
743 837 786 911 εἰς
803 834 857 899 τὸν
874 836 1032 922 θρίαμβον
1048 834 1242 922 ἐφυλάττετο.

161 951 180 1002 5
293 935 479 1000 Καταλιπῶν
507 938 542 1002 δὲ
572 934 737 1022 Πομπήϊος
766 937 904 1024 φρουρὸν
937 936 1094 1024 Ἀρμενίας
1118 918 1293 1025 Ἀφράνιον,

187 1035 280 1111 αάιδς
302 1036 356 1102 διδ
380 1044 441 1102 τῶν
464 1037 694 1126 περιοικούντων
716 1040 770 1105 τόν
787 1038 955 1106 Καύκασον
977 1040 1078 1106 ἐθνῶν
1100 1041 1147 1104 ἐπὶ
1166 1045 1291 1128 Μιθρι-
1308 1007 1447 1150 {mm

185 1136 283 1221 δάτην
310 1136 438 1219 ἐβάδιζ.
487 1143 615 1226 μέγιστα
639 1145 674 1208 δέ
696 1144 798 1209 αύτῶν
821 1145 896 1211 είσιν
919 1140 995 1226 ἐθνη
1016 1142 1161 1224 Ἀλβανοί
1183 1169 1215 1209 τε
1241 1146 1291 1208 καλ

180 1238 317 1326 Ἴβηρες,
343 1242 802 1333 οἱμένέπλτάΜεσχικάόρη
820 1246 940 1311 καὶτὸν
958 1243 1081 1311 Πόντον
1097 1243 1295 1329 καθήκοντες,
1371 1264 1375 1269 “
1461 1241 1463 1245 ’

181 1341 323 1424 Ἀλβανοί
341 1345 362 1407 δ
365 1342 375 1368 ³
395 1346 443 1408 ἐπὶ
460 1346 516 1427 τὴν
532 1347 572 1411 {io
590 1350 640 1411 καλ
655 1337 717 1429 τὴν
728 1349 872 1411 Κασπίαν
888 1346 1061 1413 θάλασσαν.
1107 1340 1192 1435 οὗτοι
1208 1354 1294 1436 πρῶ·

145 1460 180 1514 10
189 1469 240 1509 τον
261 1447 317 1528 μὲν
339 1442 497 1529 αἰτήσαντι
513 1451 670 1536 Πομπηίῳ
694 1450 797 1514 δίοδον
819 1448 939 1527 ἔδοσαν,
967 1446 1045 1528 εἶτα,
1074 1449 1227 1534 γενόμενοι
1244 1476 1294 1516 τε·

184 1554 411 1633 τρακισμυρίων
435 1549 492 1613 οάκ
517 1547 678 1629 ἐλάττους,
714 1552 905 1636 προσίβαλον
931 1551 1032 1639 αὐτῷ,
1058 1556 1108 1615 καλ
1133 1554 1295 1639 τραπίντες

184 1648 588 1737 ἐφθάρησανπαμπληθεῖς.
621 1659 665 1740 τῷ
683 1655 718 1718 δὲ
732 1659 860 1732 βασιλεῖ’
871 1654 973 1717 αὐτῶν
986 1654 1141 1736 πέμψαντι
1154 1656 1296 1741 πρίσβεις

184 1751 385 1835 σπεισάμενος
411 1753 501 1839 ἀπῄει
528 1755 575 1818 ἐπὶ
605 1743 677 1831 τοὺς
699 1754 827 1840 Ἴβηρας
855 1756 1087 1842 μαχιμωτέρους
1116 1755 1205 1833 ὄντας
1233 1762 1294 1821 τῶν

180 1854 337 1935 Ἀλβανῶν
353 1858 402 1919 καί
419 1853 495 1937 μήτε
515 1853 640 1939 Μήδοις
654 1854 732 1940 μήτε
748 1858 888 1944 Πέρσαις
905 1854 1100 1936 ὕπείξαντας,
1127 1854 1260 1946 διαφυγό
1277 1886 1312 1907 -Ᾰ

143 1971 178 2023 15
188 1982 244 2034 τας
266 1958 301 2021 δέ
323 1960 375 2021 καὶ
396 1959 451 2039 τὴν
469 1958 661 2025 Μακεδόνων
683 1962 872 2038 δυναστείαν,
899 1958 1098 2047 Ἀλεξάνδρου
1120 1962 1236 2043 ταχέως
1259 1961 1292 2025 ἐκ
1308 1976 1360 2031 ΡΙ
1377 1975 1429 2033 ets

184 2067 240 2142 τῆς
261 2057 426 2146 Ὑρκανίας
448 2060 632 2145 ἀπάραντος.
683 2062 763 2127 ἀλλά
779 2065 830 2126 καλ
848 2060 975 2139 τούτους
989 2062 1106 2149 μεγάλῃ
1121 2060 1206 2149 μάχῃ
1223 2088 1293 2149 τρε·
1367 2145 1370 2151 Ι

183 2160 323 2245 ψάμενος
339 2154 470 2240 πολλούς
488 2165 586 2229 ἀνεῖλε
603 2167 654 2229 καλ
670 2168 793 2243 πλείους
811 2163 988 2249 ἐζώγρησεν.
1022 2167 1163 2231 ἐντεῦθεν
1180 2170 1222 2241 εἰς
1238 2166 1294 2247 τὴν

183 2264 316 2347 Κόλχων
332 2265 481 2347 ἐνέβαλεν.
531 2260 626 2344 αὖθις
650 2269 684 2331 δέ
704 2268 862 2351 Ἀλβανῶν
881 2265 1079 2332 ἀποστάντων
1095 2265 1225 2346 ἤλαυνεν
1242 2265 1292 2327 ἐπ’

185 2367 297 2441 αὐτοὺς
321 2370 365 2430 δι’
393 2366 528 2455 ἀνύδρου
544 2373 594 2432 καὶ
611 2370 762 2452 ἀργαλέας
780 2366 873 2446 ὁδοῦ,
897 2368 983 2453 ὕδωρ
1000 2370 1032 2430 ἐν
1049 2370 1155 2441 ἀσκοῖς
1171 2371 1294 2442 πολλοῖς

143 2464 439 2548 Ἃθέπικομιζόμενος.
491 2471 542 2532 καλ
567 2469 737 2550 συμβολῶν
768 2469 870 2542 αὐτοῖς
898 2467 958 2532 ἀπὸ
987 2474 1042 2531 τοῦ
1072 2468 1208 2555 ἀδελφοῦ
1238 2472 1293 2532 τοῦ

186 2574 275 2655 σφῶν
296 2569 447 2649 βασιλέως
470 2570 741 2656 οτρατηγουμίνοις
763 2570 896 2652 ἐνίκησε·
931 2570 981 2633 καλ
1006 2568 1098 2635 αὐτὸν
1121 2568 1292 2635 ἐπελθόντα

252 2792 397 2861 {istoriam
414 2796 445 2849 Α.
589 2797 608 2852 t
626 2792 770 2865 Ῥωμαίων
794 2768 960 2850 hlutarchus.
1100 2793 1182 2853 ’λιταί
1200 2814 1239 2851 σοι
1257 2798 1289 2852 Α.

249 2864 269 2919 8
285 2860 418 2933 Μοσχικὰ
435 2863 600 2919 Plutarchus.
709 2868 743 2917 15
762 2872 824 2936 post
840 2860 892 2932 τήν
908 2864 967 2917 Pw
983 2864 1032 2919 edd
1051 2864 1115 2935 τῶν,
1132 2885 1173 2921 orn
1192 2867 1289 2920 BPin-

250 2935 445 3071 ffi23.l,w·
472 2932 506 2988 17
523 2934 635 2997 πλείους
656 2934 719 3005 ΑΒ,
742 2926 862 2995 πολλούς
882 2933 951 2987 PW.
1056 2934 1090 2989 18
1107 2932 1214 3005 ιιόλχων
1231 2934 1288 3004 ΑΟ,

182 3206 344 3260 habiturum
367 3206 446 3259 filiurn
470 3207 527 3259 eins
551 3206 580 3257 in
595 3206 721 3276 Sophene
744 3210 916 3275 regnaturum
932 3192 1000 3263 esse.
1036 3204 1077 3256 his
1095 3202 1227 3273 Tigranes
1243 3218 1289 3257 ac·
1383 3203 1386 3209 '

183 3276 298 3344 quievit:
316 3274 374 3328 eius
394 3294 456 3328 vero
472 3275 542 3327 filias
559 3276 653 3342 iratus,
671 3292 727 3327 eum
744 3274 778 3327 ad
795 3292 884 3327 cenem
903 3275 1051 3338 vocaretur,
1070 3272 1133 3324 nihil
1151 3273 1203 3324 sibi
1221 3288 1286 3340 opas

182 3360 243 3397 csse
259 3343 316 3396 istis
333 3345 451 3413 Pompeii
470 3345 614 3397 honoribus
631 3344 712 3396 disits
735 3361 764 3395 se
780 3344 846 3395 enim
866 3341 942 3393 olium
962 3342 1104 3394 Romanum
1120 3340 1286 3392 inventurum
1336 3362 1341 3375 ·

183 3428 251 3464 esse.
286 3427 368 3479 quare
384 3414 413 3466 in
428 3412 543 3465 vinculis
559 3414 592 3466 ad
610 3411 767 3483 triumphurn
785 3418 907 3471 servatos
927 3418 976 3465 est.

287 3513 426 3583 Pompeias
453 3514 563 3567 Afranio
590 3513 622 3565 ad
646 3510 786 3565 menies
815 3509 973 3580 praesidinm
1001 3508 1095 3561 relicto
1121 3522 1170 3574 per
1195 3512 1288 3574 gentes

182 3581 296 3635 canan
318 3584 414 3636 montis
439 3584 541 3636 secolos
564 3581 748 3634 Mithridatem
773 3586 815 3633 set
837 3588 1004 3648 persecutum
1030 3591 1139 3645 quaram
1163 3574 1289 3627 maximoe

182 3658 242 3703 sunt
259 3649 354 3701 Albani
370 3659 399 3702 et
413 3652 521 3718 iberes,
546 3650 574 3702 hi
591 3650 625 3702 ad
642 3649 790 3703 Meschicos
813 3656 914 3699 montes
937 3654 965 3698 et
980 3645 1093 3697 Pontum
1117 3643 1287 3715 pertinentes,

182 3719 219 3771 iiii
237 3734 330 3771 versus
347 3727 432 3771 ortam
448 3727 477 3772 et
493 3735 566 3773 mare
582 3718 707 3789 Caspium
725 3716 884 3771 habitantes.
920 3713 1013 3766 hibeni
1035 3712 1159 3782 Pompeio
1185 3712 1288 3782 petenti

182 3787 322 3840 transitum
337 3786 476 3839 dederont:
500 3786 597 3840 deinde
612 3804 670 3839 αισι
688 3803 741 3839 non
760 3785 896 3856 pauciores
912 3781 1088 3851 qnadraginta
1104 3779 1208 3833 milibus
1225 3797 1287 3833 con-

183 3855 336 3921 venissent,
358 3855 482 3923 impetam
499 3857 528 3908 in
544 3873 603 3909 eam
619 3857 756 3917 fecerant3
780 3854 827 3906 sed
844 3851 979 3919 profligati
996 3858 1074 3914 eunt,
1097 3857 1177 3918 atque
1194 3849 1220 3901 in
1241 3864 1288 3901 ens

181 3923 319 3977 multitado
335 3924 424 3991 periit.
458 3940 546 3977 eornm
567 3940 630 3976 vero
646 3924 705 3992 regi
724 3939 789 3991 pace
807 3936 883 3987 quam
900 3920 1068 3988 perlegentes
1085 3918 1200 3987 petierat
1215 3868 1288 3982 hats,

182 3998 275 4045 contra
293 3992 384 4044 Iberes
401 3997 444 4042 ost
458 3996 610 4060 proiectas,
627 3990 736 4045 Albanis
753 3988 946 4053 bellicosiores,
970 3988 1015 4054 qni
1033 4003 1049 4037 n
1086 4002 1119 4037 ue
1135 3985 1224 4037 Persis
1242 4002 1288 4036 ns·

182 4077 234 4130 que
251 4060 339 4112 Medis
354 4070 498 4127 cesserant,
515 4068 544 4113 et
560 4059 731 4112 Macedonum
748 4074 854 4127 quoqne
872 4054 1028 4107 dominatum
1046 4071 1061 4104 e
1084 4061 1209 4122 egerant,
1225 4052 1285 4103 Ale-

183 4128 280 4181 xandro
297 4129 421 4181 ceieriter
437 4144 471 4179 ex
488 4128 626 4197 Hyrcania
642 4128 770 4196 digresso.
810 4125 859 4178 sed
877 4130 905 4176 et
924 4124 965 4174 his
982 4138 1075 4191 rengno
1092 4121 1190 4191 praelio
1210 4134 1288 4188 snpe-
1319 4160 1325 4179 ,

184 4195 251 4249 ratis
274 4198 368 4251 maltos
392 4196 506 4263 occidit,
530 4197 618 4264 piures
634 4196 716 4266 cepit.
750 4194 812 4247 inde
829 4189 981 4245 Colchidem
1000 4189 1109 4243 invasit.
1147 4187 1287 4239 etiterum

185 4266 417 4332 momentaneos,
434 4264 480 4334 qni
497 4265 662 4331 deiecerant,
678 4281 726 4332 per
743 4277 863 4333 asperam
879 4268 908 4312 et
924 4258 1022 4311 aridam
1039 4258 1118 4324 viana,
1136 4272 1206 4325 aqna
1223 4256 1287 4308 ιοοΙ-

184 4332 221 4385 tis
239 4332 340 4387 utribus
356 4336 446 4402 silete,
463 4333 600 4402 protectus
616 4349 663 4384 eos
675 4331 786 4400 'decicit
806 4344 947 4397 eorumque
963 4328 1063 4393 doceas,
1081 4324 1153 4393 regis
1171 4324 1287 4391 fratrem,
