3134 4909
284 309 357 381 148
642 306 813 375 lOANNIS
829 304 1028 373 zoltthE
1130 310 1134 317 '

283 480 404 567 πληθύῖ
416 487 609 567 στρατιωτῶν
625 482 675 545 καὶ
691 489 842 570 μηχαναῖς
861 474 1048 559 λιθοβόλοις.
1081 478 1134 540 ecl
1142 474 1202 540 τδν
1217 474 1273 557 μὲν
1290 468 1387 550 οὕτως

148 600 169 651 Ρ
187 598 200 653 1
217 596 269 655 391
288 590 470 674 διέφθειρεν,
500 591 544 673 τῷ
568 585 602 649 δὲ
624 584 750 675 Ἀμίλκᾳ
766 585 814 649 lui
830 581 982 669 μετεώρου
998 582 1049 644 καλ
1064 575 1202 654 ύλώδους
1219 601 1387 663 στρατοπε-

285 690 436 777 δευομένῳ
458 690 573 773 χωρίου
596 686 714 775 νύκτωρ
736 688 915 774 προσέμιξε,
954 686 1006 749 καὶ
1030 683 1161 759 πολλούς
1183 681 1238 765 μὲν
1263 682 1296 746 lv
1319 690 1387 758 ταῖς

283 794 400 871 εδναῖς,
425 790 556 867 πολλούς
572 790 605 855 δ’
625 792 837 877 ίξεγερθίντας
853 786 1011 855 διώλεσεν·
1038 790 1065 852 εί
1089 787 1126 852 δί
1145 811 1224 863 τινες
1246 785 1298 849 καὶ
1324 784 1386 849 διί-

285 922 392 986 φυγον,
417 904 481 972 τοῖς
496 894 552 971 τὰς
568 891 658 971 ὁδούς
674 901 818 980 τηροῦσιν
835 894 1029 975 ἐμπίπτοντες
1046 889 1189 955 ώλλυντο.
1238 889 1290 952 καὶ
1306 885 1412 953 critob

282 1006 343 1067 τών
368 1024 400 1064 τε
425 1000 646 1085 Καρχηδονίων
671 996 765 1083 μέρος
790 992 937 1079 ἇναλώθη
961 990 1055 1072 πολύ,
1086 996 1137 1057 καὶ
1161 988 1264 1068 πόλεις
1286 990 1389 1059 αὐτῶν

283 1105 390 1187 συχναὶ
413 1101 489 1187 πρὸς
511 1100 687 1183 Ῥωμαίους
709 1095 907 1183 μεθίσταντο.
958 1098 1147 1185 φοβηθέντες
1174 1095 1207 1161 δ’
1236 1094 1265 1160 oi
1292 1096 1323 1159 ίν
1349 1100 1388 1180 τῇ

282 1206 368 1273 πόλει
383 1204 426 1288 μὴ
445 1202 541 1269 ἁλώσι
549 1253 559 1283 ,
582 1202 851 1290 διεκηρυκεύσαντο
867 1201 946 1289 πρὸς
961 1201 1013 1267 τδν
1028 1199 1155 1280 ύπατον,
1177 1197 1260 1276 ὅπως
1276 1194 1389 1279 ὁμολο-

282 1312 407 1399 piperni
426 1309 548 1372 ἐπιεικεῖ
560 1306 797 1389 δποπίμψαντες
813 1306 907 1371 αύτδν
925 1305 959 1371 τδ
977 1305 1151 1391 παραυτίκα
1176 1300 1272 1368 δεινδν
1294 1297 1388 1365 ύπεκ-

284 1410 430 1501 φύγωσιν.
481 1410 543 1475 luel
572 1410 605 1474 δὲ
634 1411 734 1475 πολλὰ
758 1411 928 1496 ἇπητούντο
953 1411 1004 1473 καὶ
1029 1403 1177 1495 φορτικά,
1209 1402 1251 1482 ὡς
1273 1402 1386 1471 ἅλωσιν
1394 1406 1431 1466 1⁰

242 1531 266 1584 B
285 1516 385 1582 αὐτῶν
401 1514 515 1600 ἀκριβῆ
531 1514 708 1597 νομίζεσθαι
726 1514 782 1589 τὰς
798 1509 947 1588 σπονδάς,
974 1517 1114 1592 πολεμεῖν
1129 1515 1247 1591 μᾶλλον
1263 1510 1386 1575 εἵλοντο.

379 1614 417 1682 ‘0
438 1618 539 1697 μέντοι
558 1613 727 1699 Ῥηγοῦλος
743 1616 833 1701 μέχρι
849 1612 917 1681 τότε
935 1614 1070 1696 εύτυχών
1086 1611 1262 1695 αὐχήματος
1276 1610 1388 1693 μεστδς

282 1722 395 1805 ίχίνετο
414 1721 465 1782 καὶ
483 1714 697 1804 φρονήματος,
724 1716 801 1784 ὥστε
825 1719 874 1782 καὶ
898 1714 1028 1805 γράφειν
1052 1718 1095 1795 είς
1117 1716 1174 1800 τὴν
1192 1713 1317 1798 Ῥώμην
1340 1712 1387 1779 δτι

281 1821 584 1908 κατεσφραγισμένας
609 1818 668 1903 ἴχει
693 1820 750 1896 τὰς
777 1826 838 1885 τών
865 1821 1086 1905 Καρχηδονίων
1115 1816 1214 1895 πύλας
1241 1814 1301 1884 imi
1332 1822 1388 1881 τού

282 1923 400 2013 φόβου·
423 1923 462 1987 τὰ
480 1922 531 1988 ἴσα
550 1926 650 2001 δὲκαὶ
667 1925 696 1988 οἳ
712 1925 769 1989 σδν
787 1924 871 2012 αύτῷ
887 1926 938 1988 καὶ
954 1924 983 1989 οἳ
1001 1924 1032 1987 ἓν
1050 1929 1088 2009 τῇ
1100 1918 1209 2007 Ῥώμῃ
1226 1918 1428 2008 ἐφρόνουν.λό

282 2028 357 2093 ὅθεν
388 2028 440 2091 καὶ
470 2023 657 2113 ἐσφάλησαν.
707 2018 806 2111 ἦλθον
831 2029 887 2109 μὲν
913 2026 971 2112 γὰρ
997 2036 1062 2102 τοῖς
1087 2016 1311 2111 Καρχηδονίοις
1335 2026 1388 2089 καλ

283 2133 378 2215 ἓτερον
408 2126 582 2212 σύμμαχοι,
623 2122 701 2213 ἦλθε
733 2132 767 2195 δὲ
793 2134 844 2195 καὶ
870 2131 902 2194 ἔκ
928 2129 1166 2210 Λακεδαίμονος
1191 2124 1388 2203 Ξάνθιππος.

282 2226 372 2310 οὗτος
394 2231 450 2316 τὴν
475 2229 686 2321 αὐτοκράτορα
710 2242 770 2299 τών
788 2235 1009 2321 Καρχηδονίων
1033 2232 1129 2316 ἀρχὴν
1151 2230 1283 2319 εἰληφώς
1306 2228 1387 2314 (ὅτε

280 2338 340 2423 γὰρ
360 2340 457 2420 δῆμος
475 2336 560 2424 αὐτῷ
575 2336 614 2401 rel
631 2335 799 2423 πράγματα
815 2335 986 2423 προθύμως
1002 2338 1164 2422 ίπέτρεψε,
1185 2338 1237 2400 καῖ
1253 2333 1269 2400 δ
1283 2333 1385 2417 {dust-

242 2456 338 2517 cotug
363 2442 413 2505 xci
441 2438 470 2503 oi
497 2442 595 2505 λοιποὶ
619 2441 648 2504 οἲ
671 2442 703 2505 lv
724 2443 801 2507 τέλει
826 2440 969 2517 ἑκουσίως
991 2441 1166 2524 ίξίστησαν)
1190 2435 1228 2504 τώ
1251 2462 1282 2504 τε
1306 2435 1431 2503 ittam

280 2540 504 2633 παρεσκεύασεν
521 2534 572 2624 εὖ,
598 2547 648 2609 καὶ
667 2544 726 2609 ἀπὸ
744 2552 806 2611 τῶν
821 2542 980 2633 μετεώρων
996 2543 1069 2620 τούς
1084 2544 1333 2631 Καρχηδονίους,
1354 2541 1387 2606 ἓν

233 2798 240 2823 ,
353 2751 488 2818 latitat
507 2754 537 2805 A.
619 2749 770 2822 λέφθειρε
787 2754 843 2807 ΑΒ.
899 2752 966 2806 ’καλ
981 2750 1107 2816 ὑλώδους
1122 2753 1179 2821 ΑΒ,
1196 2749 1336 2817 ξυλώδους
1352 2752 1385 2821 G,

353 2822 402 2875 καὶ
419 2818 558 2885 ξυλώδους
574 2822 643 2879 PW.
756 2824 970 2889 ὀδιατηροῦσιν
987 2824 1021 2876 C.
1124 2818 1336 2893 ῖφοβηθέντες
1351 2851 1387 2863 -·

353 2894 385 2943 11
403 2891 510 2943 εἵλοντο
528 2890 622 2943 Dionis
639 2900 791 2962 excerptum
807 2892 977 2945 Ursinianurn
996 2890 1054 2948 148.
1125 2892 1159 2946 16
1175 2882 1268 2960 ἦλθον
1283 2885 1335 2956 μὲν
1351 2922 1387 2933 -

349 2976 378 3081 p.
396 2958 454 3081 lll9‘
470 2960 531 3011 αλ
558 2956 675 3081 ίσχόλσειν
693 2956 822 3029 ἔμελλον]
849 2961 884 3016 ci.
903 2970 1054 3033 excerptum
1071 2961 1231 3017 Plouutleum
1257 2961 1292 3013 40
1316 2961 1386 3031 apud

375 3065 382 3080 .
430 3032 619 3100 erumpit.

279 3216 388 3269 militurn
406 3215 490 3285 copiis
508 3224 536 3269 et
552 3215 692 3287 catapultis
712 3216 838 3270 confecit.
874 3216 1046 3271 Hamilcarem
1071 3222 1158 3271 autore
1185 3216 1213 3268 in
1229 3214 1326 3268 eilvoeo
1343 3220 1388 3268 tu·

281 3286 349 3339 mulo
368 3292 456 3339 castra
475 3286 612 3339 habentem
631 3294 712 3339 noctu
732 3302 886 3355 aggeum,
912 3286 1007 3340 multoe
1030 3286 1058 3339 in
1081 3286 1211 3339 cubilibus
1227 3287 1322 3337 multoe
1338 3301 1386 3337 er-

280 3364 417 3424 perrectoe
435 3355 543 3407 occidite
569 3356 592 3408 ei
610 3356 656 3423 qui
674 3363 913 3421 veroeuaeerant,
940 3357 973 3409 eb
995 3356 1028 3409 iie
1053 3355 1099 3425 qni
1122 3356 1178 3409 viae
1201 3353 1388 3407 custodiebant

282 3426 386 3496 excepti
403 3424 546 3495 perierunt.
583 3424 623 3476 nic
646 3440 739 3493 magna
762 3443 825 3494 pere
842 3424 1096 3493 certlreginieneium
1120 3432 1163 3477 eet
1179 3426 1332 3493 absumpta,
1359 3428 1387 3475 et

280 3494 377 3547 mulne
396 3496 474 3547 urben
492 3493 526 3547 ed
543 3492 675 3546 Romanos
692 3497 855 3550 deiecerunt.
875 3494 965 3564 itaque
981 3495 1002 3547 ii
1020 3494 1065 3564 qui
1083 3494 1111 3547 iu
1128 3496 1193 3547 urbe
1209 3500 1287 3546 erent
1305 3491 1387 3545 veriti

280 3578 315 3613 ne
333 3572 504 3631 caperentur,
531 3564 718 3616 caduceatoren
744 3563 777 3616 ad
799 3581 858 3617 euni
885 3564 1026 3631 miserunt,
1052 3569 1082 3617 ut
1098 3580 1130 3616 eo
1149 3563 1282 3617 tolerabili
1297 3562 1388 3630 eliqua

281 3630 406 3699 pectione
423 3638 510 3684 emoto
526 3633 662 3685 imminens
682 3634 775 3687 melum
791 3635 1016 3700 subterfugerent.
1052 3650 1110 3687 curn
1125 3641 1212 3687 autern
1229 3633 1309 3686 multe
1344 3647 1387 3683 er·

282 3713 358 3767 quam
378 3701 488 3752 moleste
506 3703 660 3769 postularet,
678 3710 708 3755 ut
724 3703 798 3772 pecie
816 3702 980 3756 condicionet
996 3702 1060 3755 nibil
1076 3701 1147 3755 aliud
1164 3718 1241 3772 quatu
1258 3699 1316 3755 orci
1333 3700 1387 3753 iun

269 3766 440 3833 judicarent,
477 3770 519 3821 aci
533 3769 627 3824 bellum
644 3772 836 3840 praetulerunt.

385 3786 502 3905 Regulus
525 3840 657 3892 enimvero
682 3841 715 3894 ed
738 3841 766 3893 id
791 3857 874 3910 neque
896 3846 999 3910 ternpue
1025 3853 1153 3909 prospere
1179 3841 1286 3899 fortune
1312 3853 1387 3903 utut,

283 3904 376 3959 animle
395 3915 424 3958 ct
438 3909 509 3959 laetu
528 3908 593 3959 adeo
611 3909 703 3977 plenus
720 3910 780 3975 luit,
800 3918 830 3961 ut
843 3910 950 3961 Romam
968 3911 1107 3973 scriberet,
1124 3926 1155 3961 ee
1170 3916 1243 3963 metu
1261 3906 1387 3975 obsigna·

283 3982 327 4027 tae
344 3974 441 4028 bebere
458 3975 627 4046 Carthaginis
642 3989 744 4048 portae.
780 3978 850 4031 idem
872 3979 983 4031 effectur
1000 3986 1028 4031 et
1044 3979 1101 4033 eine
1118 3978 1226 4032 militurn
1243 3987 1273 4031 et
1289 3976 1387 4029 civium

283 4042 457 4097 Rornanorum
474 4046 531 4101 luit.
566 4046 635 4098 unde
651 4048 748 4100 iactum
764 4057 807 4099 eet
822 4056 854 4100 ut
868 4047 1051 4116 impingerent.
1086 4065 1144 4102 uam
1157 4046 1388 4117 Carthaginienei-

283 4114 333 4167 bue
352 4130 409 4167 etun
427 4114 471 4167 alii
488 4121 542 4167 tum
559 4112 966 4187 Xanthippue’Leeetleemoniue
988 4116 1083 4169 anulio
1100 4125 1239 4171 venerunt.
1275 4115 1322 4185 qni
1337 4114 1389 4169 iru-

283 4190 390 4251 perator
417 4190 523 4237 creatur
547 4185 620 4249 (nem
647 4186 671 4237 ei
695 4193 724 4249 et
745 4184 855 4256 populun
881 4186 976 4255 cupide
996 4204 1116 4241 commem
1137 4203 1223 4239 rerum
1247 4184 1341 4239 detulit
1358 4189 1388 4237 ot
1482 4240 1487 4247 ,

283 4252 416 4306 Hamilcar
432 4254 583 4324 caeterique
598 4254 730 4326 principer
747 4256 818 4309 ultro
835 4259 1057 4324 centaurorum
1073 4256 1125 4310 alia
1142 4258 1227 4325 probe
1245 4252 1386 4320 ordinarit,

284 4329 338 4376 tun
355 4320 588 4394 Carthaginienses
606 4342 621 4379 e
638 4326 760 4397 tumulis,
781 4323 809 4380 iu
826 4325 922 4396 quibua
939 4343 1004 4399 pree
1021 4334 1092 4382 metu
1108 4327 1239 4396 agebunt,
1255 4324 1284 4379 iu
1300 4322 1386 4396 plaul·
