3134 4909
521 280 736 348 ANNALIUM
760 282 832 349 XII
849 283 899 349 21.
1191 284 1268 355 589

256 454 367 539 Δέκιος
385 452 418 517 δέ
437 449 517 517 οὕτω
534 454 689 528 διατεθείς
706 454 749 528 είς
766 452 837 529 τοδς
852 451 906 519 τὸν
918 454 1057 541 Χριστὸν
1074 458 1267 539 σεβομένους,

153 559 234 627 odd?
252 557 310 623 δόο
334 554 427 632 όλους
451 555 606 630 ίνιαυτοδς
631 556 678 619 tut
705 560 745 642 τῇ
772 562 834 621 τῶν
859 552 1018 638 Ῥωμαίων
1045 556 1160 637 ἀνόσας
1185 562 1268 649 ἀρχῇ

155 664 298 745 αἷσχιστα
316 656 484 746 διεφθάρη.
534 653 704 743 βαρβάρων
719 656 779 742 γάρ
798 660 978 741 ληϊζομένων
994 659 1048 727 τδν
1065 660 1227 749 Βόσπορον
1250 660 1266 728 δ

155 767 267 841 Δέκιος
285 764 387 841 αιἰτοῖς
404 760 598 827 συνεπλέκετο
616 760 666 823 καὶ
684 760 817 837 πολλοάς
834 759 953 849 ἀνῄρει·
979 772 1040 829 τῶν
1064 765 1097 829 δέ
1119 790 1267 850 στενοχω-

128 870 312 955 5ρηθέντων
334 868 384 929 καὶ
402 864 588 945 αἰτουμένων
606 861 727 949 ἀφεῖναι
746 862 801 946 τήν
818 866 901 929 λείαν
917 873 1019 931 πᾶσαν
1036 869 1063 932 εί
1078 894 1267 956 παραχωρη-

153 977 237 1036 θεῖεν
253 970 450 1052 ἀναχωρῆσαι
459 1015 469 1045 ,
492 964 509 1032 ό
527 967 639 1041 Δέκιος
657 965 712 1029 οάκ
730 968 883 1047 ένέδωκεν,
901 968 979 1034 ἀλλά
999 968 1120 1035 Γάλλον
1139 972 1191 1035 ἵνα
1207 978 1268 1037 τῶν

152 1081 207 1157 τῆς
223 1068 392 1156 συγκλήτου
409 1076 448 1156 τῇ
465 1067 559 1156 διόδῳ
575 1074 636 1133 τῶν
651 1066 822 1156 βαρβάρων
839 1072 999 1155 ἐπέστησε,
1030 1072 1075 1157 μή
1101 1081 1261 1159 συγχωρῆ-
1280 1090 1305 1143 D

153 1204 205 1243 σαι
223 1173 368 1251 κελεάσας
384 1177 489 1251 αὐτοῖς
505 1177 680 1257 παρελθεῖν.
732 1170 749 1237 ὃ
768 1175 801 1238 δέ
818 1172 939 1253 Γάλλος
955 1172 1086 1241 ἀπέθετο
1105 1186 1169 1253 ιοΐς
1184 1183 1266 1263 βαρ-

152 1278 280 1365 βάροις,
314 1273 518 1357 έπιβουλεόων
545 1277 663 1362 Δεκίῳ,
697 1278 824 1359 πλησίον
849 1278 998 1360 τέλματος
1021 1278 1142 1361 βαθέος
1168 1278 1266 1359 ἀντος,

111 1386 218 1452 1οίκεῖ
230 1380 481 1468 παρατάξασθαι.
526 1376 606 1443 οὕτω
625 1380 658 1441 δέ
675 1381 936 1463 παραταξαμένων
952 1380 1198 1467 τῶνβαρβάρων
1215 1386 1266 1447 καὶ

152 1489 193 1552 τὰ
209 1492 290 1551 νῶτα
308 1480 487 1566 τρεψάντων
504 1478 520 1546 δ
539 1482 651 1557 Δέκιος
667 1482 825 1546 έπεδίωκε·
847 1485 897 1546 καί
917 1482 1009 1559 αὐτός
1025 1510 1057 1549 τε
1075 1472 1132 1549 οὖν
1149 1492 1193 1572 τῷ
1209 1485 1266 1573 υἱῷ

153 1593 203 1653 καὶ
228 1592 349 1671 πλῆθος
371 1592 432 1651 τῶν
452 1582 611 1667 Ῥωμαίων
634 1582 828 1649 ένιπεπτιόκει
851 1592 896 1672 τῷ
919 1588 1060 1668 τέλματι,
1087 1590 1138 1651 καὶ
1157 1585 1267 1664 πάντες

153 1695 245 1758 έκεῖσε
264 1688 439 1766 ἀπώλοντο,
471 1685 512 1764 ὥς
534 1688 612 1772 μηδέ
637 1685 824 1770 τὰσώματα
842 1689 943 1753 αὐτῶν
960 1686 1141 1777 εὖρεθήναι,
1168 1717 1265 1757 κατα·
1282 1702 1358 1757 wll
1369 1703 1421 1759 ten

149 1795 314 1879 χωσθέντα
331 1799 368 1879 τῇ
386 1788 450 1856 lidi
462 1795 518 1855 τοῦ
534 1791 692 1872 τέλματος.

112 1914 146 1967 15
257 1896 309 1961 21.
363 1896 483 1982 Κρατεῒ
501 1884 555 1957 οὖν
573 1890 596 1975 δδ
607 1889 746 1971 Γάλλος,
772 1889 806 1957 ὃν
823 1894 901 1970 τινές
914 1894 971 1976 μέν
988 1900 1049 1959 τῶν
1065 1894 1266 1983 συγγραφέων
1346 1906 1349 1911 ’

152 2004 204 2067 καὶ
230 1997 438 2064 Βολουσιανδν
463 1998 636 2078 κεκλῆσθαί
659 2020 755 2083 φασιν
781 1992 823 2071 ὡς
851 1994 1013 2079 διώνυμον,
1038 1994 1125 2063 ἀλλοι
1155 1998 1188 2062 δέ
1213 1996 1267 2064 τδν

153 2102 362 2169 Βολουσιανδν
386 2100 453 2167 υἱὸν
485 2099 582 2165 αὐτοῦ
609 2095 681 2164 εἶναι
707 2095 880 2185 γεγράφασι
906 2103 955 2164 καὶ
983 2098 1144 2191 συνάρχειν
1172 2099 1265 2187 αὐτῷ.
1281 2119 1304 2172 Ρ
1321 2118 1335 2172 1
1352 2116 1405 2172 628

152 2205 308 2294 κρατήσας
331 2206 431 2271 τοίνυν
454 2210 509 2286 τῆς
531 2209 592 2267 τῶν
612 2199 771 2283 Ῥωμαίων
795 2199 811 2267 ὃ
829 2203 860 2263 Γ
857 2201 949 2278 ἀλλος
966 2202 1062 2287 ἀρχῆς
1068 2250 1078 2280 ,
1105 2204 1263 2267 σπένδεται

152 2319 217 2383 τοῖς
232 2306 406 2392 βαρβάροις
422 2308 469 2369 tut
487 2301 657 2385 συνθήκαις
674 2311 729 2365 τοῦ
746 2301 913 2381 λαμβάνειν
931 2304 1059 2379 έκείνους
1083 2304 1167 2387 παρὰ
1187 2300 1263 2367 Ῥω-

111 2424 149 2476 20
154 2412 254 2493 μαίων
268 2408 388 2489 δασμὸν
402 2402 552 2471 ένιαάσιον
567 2406 618 2468 καὶ
634 2402 679 2487 μή
695 2403 735 2467 td
747 2400 905 2484 Ῥωμαίων
919 2407 1088 2487 ληίζεσθαι.
1112 2409 1163 2469 καὶ
1177 2430 1262 2470 σπει-

155 2511 287 2594 σάμενος
311 2507 408 2585 οὕτως
432 2509 604 2590 έπανήλθεν
630 2508 673 2583 είς
692 2502 822 2589 Ῥιόμην,
848 2509 897 2570 καὶ
922 2507 974 2572 τδν
999 2506 1065 2572 υἱόν
1091 2506 1186 2573 αδτοῦ
1211 2508 1290 2587 τδν,

155 2612 365 2681 Βολουσιανδν
388 2608 570 2695 ἀνηγόρευσε
589 2612 743 2691 Καίσαρα.
794 2610 895 2694 βαρδς
919 2611 953 2674 δέ
977 2612 1029 2675 καὶ
1054 2601 1143 2686 οὗτος
1166 2610 1266 2694 γίγονε
1337 2630 1352 2646 “

154 2728 218 2794 τοῖς
239 2724 441 2802 χριστιονοῖς,
467 2716 518 2778 καὶ
544 2712 602 2794 οὐχ
626 2702 718 2795 ἦττον
744 2712 877 2790 Δεκίου,
905 2711 1039 2798 διωγμόν
1065 2712 1136 2779 κατ’
1165 2712 1266 2778 αὐτῶν

155 2823 271 2906 έγείρας
295 2822 345 2883 καὶ
373 2816 504 2895 πολλοὺς
529 2812 652 2881 ἀνελών.
708 2813 823 2900 ἤρξατο
851 2815 882 2879 d'
913 2808 1006 2896 αὖθις
1033 2818 1081 2881 tut
1108 2813 1218 2882 τοότου
1244 2812 1265 2898 'l

222 3016 256 3069 nl
273 3001 356 3075 οὗτος
373 3014 405 3067 Α.
508 3011 545 3066 λδ
561 2998 647 3078 ήττον
663 3009 727 3077 ΑΒ,
745 3003 838 3079 ἥττων
855 3008 887 3075 C,
904 3003 1013 3077 ἥττονα
1030 3010 1099 3065 PW.

257 3152 386 3205 Furores.
424 3150 491 3218 cop.
508 3148 553 3203 Ἡ.
591 3147 719 3201 Fortasse
736 3146 792 3199 Dio
808 3146 994 3203 continuatur.

255 3321 354 3374 Decius
378 3334 445 3370 vero
469 3316 508 3368 sie
532 3331 597 3382 erge
613 3312 715 3367 Christi
732 3316 847 3367 cultores
865 3316 994 3383 effectus,
1021 3314 1134 3369 nondum
1159 3315 1266 3387 integro

153 3390 261 3446 biennio
278 3390 306 3441 in
323 3387 433 3469 imperio
450 3389 543 3437 exacto
561 3382 713 3451 turpissime
729 3384 822 3452 periit.
841 3400 899 3437 num
912 3400 969 3437 cum
980 3386 1150 3438 berbsrorum
1162 3384 1266 3455 Bospo-

153 3478 211 3514 rum
248 3457 408 3528 epulantium
428 3452 520 3506 multos
538 3450 687 3515 occidisset,
705 3452 785 3521 hique
802 3452 828 3504 in
847 3453 986 3521 sngnstiss
1002 3452 1102 3506 reducti
1118 3470 1148 3505 se
1165 3471 1267 3509 omnem

152 3476 276 3600 prsedlem
295 3524 445 3578 reddituros
462 3518 647 3590 promitterent
662 3520 687 3572 si
704 3520 839 3573 discedere
855 3522 1012 3588 sinerentur,
1030 3522 1128 3575 Decius
1147 3525 1267 3591 negavit,

155 3608 184 3653 et
199 3598 304 3650 Gullum
321 3600 468 3646 senatorem
486 3588 600 3643 trsnsitn
619 3606 664 3640 eos
681 3589 825 3658 prohibere
842 3590 930 3645 iussit.
966 3598 995 3643 st
1012 3590 1104 3643 Gallus
1122 3590 1204 3645 Decio
1226 3594 1268 3645 in·

154 3666 254 3721 sidiuns
278 3661 379 3716 monuit
394 3662 522 3714 berbsros
540 3666 571 3711 nt
587 3658 661 3709 lnrtn
679 3658 833 3726 profundent
851 3658 972 3728 paludem
989 3659 1071 3711 eciem
1088 3658 1268 3715 instrumente

155 3753 207 3807 qno
225 3732 263 3786 illi
280 3734 353 3785 lseto
369 3746 427 3783 cum
443 3736 522 3798 terge
538 3726 689 3793 dedissent,
714 3726 810 3781 Decius
834 3744 880 3779 eos
905 3744 1066 3797 persequens
1090 3747 1146 3783 cun
1165 3730 1220 3783 filio
1239 3738 1268 3783 et

155 3821 250 3874 mem
267 3800 433 3855 multitudine
449 3798 625 3851 Romsnsrnm
640 3795 668 3848 in
686 3796 805 3866 paludem
823 3796 928 3863 incidit,
952 3798 997 3852 ubi
1016 3814 1105 3852 omnes
1120 3800 1266 3869 perierunt,

155 3885 186 3929 ut
202 3890 251 3925 nec
267 3887 378 3940 corpore
395 3884 483 3921 eornm
500 3866 692 3935 invenirentur,
711 3882 793 3919 coeno
811 3868 915 3919 obrute.
1002 3902 1004 3909 ·

258 3942 301 3997 21.
337 3938 431 3991 Gsllns
452 3954 539 3989 rernm
564 3934 666 4006 potitus
690 3937 782 4005 (quem
799 3935 940 4004 scriptores
958 3936 1062 4004 quidem
1087 3934 1166 3987 etism
1184 3934 1266 3988 Voln-

81 4016 86 4025 '
157 4011 257 4065 sisnum
276 4014 373 4062 vocent
390 4014 420 4060 nt
435 4006 607 4069 binominem,
631 4004 690 4057 eliis
713 4004 891 4056 asserentibus
908 4004 987 4057 lilium
1006 4002 1169 4073 eundemque
1186 4004 1266 4057 colle-

157 4092 217 4150 gnm
239 4080 295 4132 eius
311 4076 481 4130 Volusienum
505 4072 661 4144 sppellstnm
686 4074 757 4137 esse)
782 4082 875 4143 pectus
898 4090 955 4125 cnm
979 4072 1100 4125 berberis
1124 4080 1156 4125 ut
1178 4089 1264 4126 annno

157 4149 255 4203 tributo
273 4154 382 4217 eccepto
400 4143 524 4197 Romanis
541 4142 686 4211 provinciis
703 4143 883 4209 abstinerent,
900 4141 1008 4194 Romam
1026 4141 1108 4204 obiit,
1135 4158 1167 4193 sc
1184 4141 1264 4195 lilium

155 4217 326 4269 Volusienum
348 4216 487 4267 Ceesurem
512 4210 665 4267 declaravit.
700 4212 753 4266 fnit
774 4217 803 4263 et
829 4210 873 4263 hic
897 4210 1055 4263 Christianis
1080 4210 1186 4279 gravis,
1212 4227 1263 4263 non

157 4286 242 4340 ninus
265 4302 341 4355 quen
367 4282 478 4351 Decius,
503 4279 690 4352 persecutione
712 4281 835 4334 inchoate
855 4279 995 4349 multisque
1020 4278 1175 4337 interfectis.
1213 4280 1263 4333 sub
