3134 4909
201 262 207 275 “
244 305 317 377 aot
592 305 764 374 aorrnns
790 304 987 372 zonanaa

338 481 484 564 Μαγῶνα
509 481 544 544 δὲ
565 479 619 545 τόν
641 477 774 566 ἀδελφόν
792 475 959 559 όἍννίβας
974 475 1155 560 ἀγγελοῦντα
1171 479 1235 548 τοῖς
1254 473 1341 555 Καρ·

113 612 115 624 ⁴
229 585 385 669 χηόσνίοις
410 581 526 666 έπεμψε
553 583 590 648 τιλ
616 580 777 668 γενόμενα,
813 583 864 645 καί
886 577 1032 663 χρήματα
1062 576 1141 663 παρ’
1166 577 1266 641 ιιιίτῶν
1291 577 1340 638 καί

236 684 379 769 δυνάμεις
404 675 578 772 αἰτήσοντα.
635 689 684 750 καί
709 681 724 750 ό
750 683 806 768 μέν
835 681 980 750 όπελθολν
1009 678 1081 758 νοός
1106 705 1137 745 τε
1163 680 1341 754 δακτυλίους

234 792 388 876 ἠρίθμησε
414 792 463 854 καί
480 791 527 854 ἐπὶ
544 791 644 871 μεῖζον
661 791 746 873 ἐξῆρε
770 785 862 867 δήτὸ
880 774 1089 871 κατόρθωμα,
1110 784 1159 847 καὶ
1177 783 1339 868 ἐψηφίσθη

234 890 334 959 πιόντα
356 890 414 960 ὅσα
438 889 571 979 ᾐτήσατο
590 895 647 980 (τῷ
668 893 726 978 γὰρ
738 889 862 955 Horon
886 888 1028 954 τάναντία
1045 888 1158 972 λέγοντι
1175 889 1226 951 καὶ
1244 897 1364 951 κατα-5

148 1033 150 1040 v
235 994 391 1062 λύσασθαι
417 995 471 1061 τόν
496 994 627 1079 πόλεμον
651 995 707 1072 ἕως
723 993 944 1078 καθυπέρτεροι
963 995 1086 1058 δοκοῦσι
1104 985 1341 1072 συμβουλεόοντι

234 1100 289 1164 οὐκ
305 1100 516 1182 ἐπείσθησαν),
543 1099 579 1164 nai
595 1099 699 1181 μέντοι
716 1099 755 1163 τό
772 1096 972 1182 ψηφισθέντα
988 1097 1039 1160 καὶ
1058 1098 1101 1170 είς
1116 1094 1204 1179 ἔργον
1218 1091 1339 1177 ήγαγον,

234 1202 306 1267 ἀλλ’
325 1203 510 1286 ήμέλλησαν.
540 1201 678 1283 Ἀννίβας
696 1204 715 1266 ti
719 1199 729 1226 ³
748 1202 779 1265 έν
796 1196 894 1286 τοότῳ
911 1202 953 1275 είς
968 1197 1024 1281 τήν
1043 1199 1229 1280 Καμπανίαν
1245 1194 1340 1280 πραό-

218 1287 222 1304 ’
230 1302 353 1390 χιόρησε
361 1353 372 1384 ,
407 1307 457 1370 καί
474 1301 609 1387 πόλισμά
626 1329 655 1369 τι
671 1299 730 1369 εἷλε
756 1299 952 1380 Σαυνιτικόν,
981 1303 1031 1365 καί
1053 1303 1100 1366 ἐπὶ
1118 1301 1203 1366 Νέαν
1219 1297 1342 1383 ὥρμησε

234 1406 342 1487 πόλιν,
367 1408 554 1494 προπέμψας
575 1407 652 1490 μετὰ
677 1413 731 1490 τῆς
753 1408 835 1483 λείας
859 1405 978 1489 ὀλίγους
994 1401 1087 1480 τινός.
1137 1403 1213 1488 πρός
1229 1401 1283 1478 σός
1299 1397 1382 1478 eicit)

195 1524 219 1578 c
236 1508 348 1594 μόνους
364 1509 454 1587 ὄντας
463 1519 523 1578 τῶν
538 1517 593 1592 τῆς
609 1507 724 1586 πόλεως
739 1507 951 1593 ἐκδραμόντων
967 1504 1102 1593 ἐπεφάνη
1119 1506 1212 1583 αιἰτός
1224 1506 1341 1588 ἀπροσ-

234 1612 361 1698 δόκητος
378 1619 428 1680 καί
446 1615 576 1696 συχνοὺς
593 1614 754 1690 ἀπέκτεινε,
775 1611 831 1694 τήν
847 1612 881 1675 δὲ
899 1609 987 1674 πόλιν
1003 1609 1059 1692 οὐχ
1075 1606 1162 1674 είλεν.
1213 1608 1277 1673 οὔτ’
1292 1609 1341 1672 tut

235 1718 312 1782 πολι)
336 1714 432 1802 ταότῃ
449 1713 684 1800 προσήδρευσεν.
736 1714 765 1779 oi
782 1713 841 1799 γὰρ
860 1713 914 1796 τήν
933 1711 1062 1796 Καπόην
1081 1716 1231 1788 οἰκοῦντες
1249 1713 1341 1792 Καμ-

235 1821 324 1884 πανοί
342 1819 370 1884 oi
386 1819 442 1901 μέν
458 1825 496 1905 τῇ
507 1813 669 1900 Ῥωμαίων
683 1819 770 1907 φιλίρ
787 1819 946 1900 ἐνέμειναν,
961 1816 989 1880 oi
1003 1818 1035 1882 δέ
1052 1817 1130 1901 πρὸς
1146 1814 1341 1896 τόνἈννίβαν

235 1922 406 1987 ἀπέκλιναν.
451 1916 520 1986 ’ἐπεὶ
545 1921 577 1986 d'
602 1923 633 1985 ἐν
650 1931 716 1999 ταῖς
733 1918 869 1997 Κάνναις
885 1918 1045 2015 εότόηησε,
1070 1920 1124 1984 καί
1138 1944 1215 1995 τινες
1230 1917 1339 2002 ἄνδρες
1350 1929 1379 1982 tt
1406 1996 1409 2000 ι

237 2025 337 2090 αὐτῶν
364 2021 486 2100 ἁλόντες
508 2024 672 2113 ἀφέθησαν
677 2072 687 2102 ,
721 2023 756 2089 τό
785 2025 841 2106 μέν
866 2028 987 2106 πλῆθος
1009 2021 1132 2108 ὥρμησε
1157 2029 1342 2105 μεταστῆναι

235 2128 314 2215 πρὸς
338 2129 391 2193 τόν
412 2128 567 2209 Ἀννίβαν,
594 2128 623 2192 oi
646 2128 679 2192 td
696 2129 820 2192 δυνατοί
833 2124 945 2212 χρόνον
960 2126 1015 2208 μέν
1031 2152 1099 2191 τινα
1116 2126 1257 2208 ἐπέσχον,
1284 2122 1338 2190 είτ’

234 2231 287 2297 ἐπ’
315 2229 427 2306 αότσός
450 2229 485 2295 τό
508 2236 629 2314 πλῆθος
653 2227 795 2316 ὁρμῆσαν
810 2231 1012 2314 συνηγμένους
1028 2232 1060 2294 ἐν
1076 2235 1121 2316 aqi
1135 2230 1339 2315 βουλευτηρίῳ

190 2332 351 2411 Βπόντας
372 2333 411 2398 όν
436 2331 642 2421 κατεχρήσατο
651 2382 662 2413 ,
688 2336 715 2398 εί
727 2329 781 2416 μή
806 2359 852 2410 τις
876 2335 908 2397 έκ
931 2339 986 2398 aod
1003 2331 1144 2416 πλήθους
1159 2332 1194 2397 τό
1211 2334 1338 2418 μέγεθος

233 2439 364 2505 συνιδὼν
386 2443 442 2502 τοῦ
465 2443 562 2503 κακοῦ
584 2436 770 2524 κατηγόρησε
794 2437 849 2519 μέν
871 2442 932 2500 Ιτιόν
955 2442 1128 2517 βουλευτῶν
1157 2433 1199 2512 ὥς
1220 2434 1381 2513 πόντωςλθ

236 2547 397 2629 φθαρῆναι
412 2541 513 2621 ἀξίων,
530 2539 589 2628 έφη
607 2542 640 2606 όέ
653 2537 800 2628 πρότερον
812 2539 923 2615 ἄλλους
935 2539 1005 2604 ἀντ’
1021 2540 1139 2603 ἐκείνων
1151 2538 1340 2606 ἀνθελέσθαι

234 2641 414 2730 προσήκειν·
445 2643 500 2728 τήν
515 2643 575 2730 γὰρ
592 2641 739 2726 πόλινμὴ
757 2639 910 2708 δύνασθαι
917 2690 928 2721 ,
953 2641 997 2724 μή
1013 2641 1279 2729 προβουλευόντων
1295 2669 1340 2706 τι·

234 2753 304 2826 νῶν,
330 2743 492 2825 σώζεσθαι.
543 2747 729 2813 πεισθέντων
746 2747 780 2811 δέ
798 2753 858 2812 τῶν
874 2747 906 2810 ἐν
924 2753 963 2831 τῇ
981 2743 1094 2833 Καπόη
1116 2744 1272 2829 ἐκβάλλων
1287 2747 1359 2810 ἐνα-

304 2957 322 3012 2
338 2951 470 3024 γενόμενα
486 2955 541 3027 ΑΒ,
558 2953 687 3026 γινόμενα
704 2955 771 3013 PW.
857 2949 1048 3025 θήμέλληοαν
1065 2958 1098 3024 c,
1114 2951 1255 3026 ἠμέλησαν
1271 2957 1338 3024 Pw,

303 3017 438 3095 ίμέλησαν
453 3026 510 3083 ΑΒ.
615 3028 647 3080 ll
665 3021 756 3094 ἐφάνη
774 3025 806 3078 Α.
912 3027 945 3081 19
964 3023 1167 3095 κατεχρήσαντο
1184 3029 1218 3082 Α.

337 3213 471 3268 Hannibal
495 3215 577 3268 fratre
594 3213 707 3285 Magone
724 3212 908 3284 Cartbagine·
932 3231 975 3267 res
992 3221 1081 3282 gestas
1097 3212 1245 3266 nuntiatum
1260 3213 1341 3264 misse

235 3287 264 3337 et
275 3281 307 3336 ad
318 3286 454 3353 pecuniam
466 3283 610 3353 militesque
627 3283 763 3354 petendos,
781 3300 838 3336 cum
855 3285 879 3337 is
896 3291 1083 3352 exaggerasset
1094 3281 1188 3346 omnia,
1204 3289 1233 3333 et
1247 3281 1339 3334 annius

234 3363 438 3420 annumerasset,
456 3353 633 3406 decreverunt
649 3354 734 3406 omnia
751 3369 819 3422 qnae
836 3355 959 3423 petierat.
994 3353 1117 3406 Hannoni
1133 3351 1200 3404 enim
1220 3351 1283 3403 beiii
1295 3352 1341 3403 de·

232 3424 347 3492 ponendi
370 3424 481 3491 et,dum
504 3422 656 3493 superiores
672 3433 760 3476 essent
779 3423 916 3476 faciendae
932 3423 1004 3492 pacis
1021 3421 1120 3476 auctori
1138 3437 1190 3473 non
1208 3421 1340 3473 enecuita-

233 3500 304 3544 runt.
340 3507 389 3544 non
407 3501 496 3544 tamen
514 3492 621 3544 decreta
639 3491 757 3544 exsecuti
774 3503 837 3544 sunt
853 3494 898 3544 sed
911 3493 1089 3562 neglexerunt.
1125 3489 1227 3543 interim
1241 3490 1341 3542 Hanni-
1447 3525 1452 3538 .

232 3560 275 3612 bai
293 3559 318 3610 in
331 3561 498 3628 Campaniam
516 3562 654 3632 processit,
674 3567 701 3613 et
718 3561 814 3630 oppido
831 3562 941 3631 quodam
952 3561 1096 3614 Samnitico
1114 3567 1192 3628 capto
1204 3549 1340 3629 Neapolim

233 3627 377 3692 contendit,
396 3631 486 3698 paucis
504 3647 560 3682 cum
579 3631 677 3699 praeda
697 3630 853 3751 praemissis.
890 3638 979 3683 contra
997 3647 1062 3701 qnos
1080 3629 1202 3700 oppidani
1222 3640 1253 3682 nt
1270 3631 1339 3680 sotus

233 3695 388 3750 excursione
412 3700 496 3762 iacta,
521 3698 664 3769 improviso
688 3699 756 3752 iiius
780 3701 894 3752 adventu
918 3703 988 3752 caesi
1011 3708 1074 3752 sunt
1090 3715 1182 3766 magna
1199 3715 1232 3750 ex
1249 3708 1339 3768 portet

233 3767 325 3818 urbem
343 3773 429 3817 tamen
447 3783 498 3818 non
516 3768 597 3837 cepit.
632 3783 717 3837 neque
735 3770 867 3822 obsidioni
884 3769 953 3821 iiiios
970 3769 1014 3822 diu
1034 3770 1184 3821 immoratus
1201 3776 1251 3820 est.
1280 3781 1339 3817 nam

234 3834 307 3889 urbis
325 3835 434 3902 Capuae
457 3835 560 3898 incolae
582 3838 708 3906 Campani
733 3855 790 3892 cnm
812 3838 906 3907 partim
924 3837 1095 3891 Romanorum
1117 3836 1254 3889 amicitiem
1270 3833 1340 3886 coie-

232 3912 307 3968 rent,
333 3903 428 3973 partim
445 3905 588 3957 Hannibali
605 3907 755 3974 studerent,
780 3917 916 3977 postquem
938 3907 1005 3958 isin
1022 3907 1120 3960 cannis
1137 3907 1224 3959 uictor
1241 3905 1342 3973 aiiquot

232 3989 322 4026 eorum
339 3973 412 4026 cives
430 3981 523 4040 captos
541 3974 681 4044 dimiserat,
699 3975 836 4029 multitudo
854 3975 886 4028 ad
897 3991 955 4028 enm
966 3977 1079 4028 deficere
1090 3975 1184 4041 sciuit,
1202 3976 1342 4045 optimates

232 4051 318 4096 sutem
336 4041 494 4112 aliquamdiu
512 4043 681 4098 distulerunte
707 4045 800 4098 deinde
817 4059 873 4096 cum
890 4044 918 4097 in
935 4046 1007 4098 curia
1024 4045 1218 4106 convenissent,
1241 4045 1341 4113 impetu

233 4111 325 4184 popuii
342 4129 430 4165 omnes
448 4111 529 4164 occisi
547 4121 644 4182 essent,
662 4114 711 4166 nisi
730 4115 835 4184 quidam
847 4129 880 4164 ex
893 4114 977 4183 piebe,
995 4115 1159 4168 considerata
1168 4113 1229 4167 maii
1240 4113 1342 4180 magni·

231 4181 337 4248 tudine,
361 4187 496 4235 senatores
515 4189 544 4236 ut
561 4181 640 4235 exitio
658 4182 751 4253 dignos
769 4191 934 4251 accusasset,
959 4186 1005 4237 sed
1021 4185 1095 4254 prins
1112 4185 1177 4237 aiios
1193 4183 1232 4234 eis
1250 4197 1340 4235 surro-

231 4252 331 4323 gandos
348 4269 407 4306 esse
425 4251 544 4320 dixisset,
562 4251 630 4322 quod
647 4253 710 4306 urbs
727 4253 784 4306 sine
804 4251 909 4306 consiiio
927 4255 1000 4307 saiva
1016 4271 1076 4307 esse
1092 4271 1144 4306 uon
1161 4259 1261 4322 posset.
1297 4248 1340 4303 cni

231 4337 290 4376 cum
313 4319 439 4392 Campani
464 4321 704 4393 obtemperassent,
730 4321 842 4394 singuiis
865 4323 970 4378 acutia
990 4322 1125 4378 eiiciendis
1149 4319 1340 4375 multitudine:
