3134 4909
548 302 892 395 mmmmxm.
1200 325 1275 398 om

168 496 247 565 doio
264 496 456 581 κατάθηται,
476 495 696 583 δποσχομίνου,
721 480 877 565 κατένευσε
891 498 959 581 μίν,
980 496 1037 563 οὐκ
1054 498 1174 582 ἐποίησε
1192 499 1229 563 δέ
1242 524 1276 584 γε

167 600 208 678 ὡς
224 602 428 686 ἐπηγγείλατο,
455 601 534 667 ἀλλὰ
559 606 610 667 καί
634 608 695 668 τῶν
719 600 908 688 πραγμάτων
930 597 972 678 aig
988 598 1095 686 πρώην
1112 601 1206 685 εἴχετο
1224 606 1276 668 καί
1304 632 1307 635 ·

166 704 244 790 πρὸς
260 704 333 780 τοὺς
348 702 504 790 Πάρθους
521 702 783 789 διεκηρυκεώσατο.
834 710 932 768 ταῦτα
949 706 982 771 δὲ
997 704 1112 788 μαθών
1129 702 1145 771 ὅ
1162 703 1274 771 und-
1290 686 1430 813 ξηῐῃῧιιὲὃ

164 833 230 884 νιος
246 807 281 871 nd
298 807 438 872 ναυτικδν
453 808 532 889 μετά
550 805 686 893 Μάρκου
705 809 813 872 Τιτίου
831 806 881 871 ἔπ’
901 806 994 871 αὐτὸν
1010 807 1137 890 ἔπεμψε.
1171 811 1222 873 καὶ
1240 807 1298 886 ὃς·

141 911 320 995 αφοβηθελς
336 908 588 993 διεπρεσβεύσατο
606 911 684 995 πρὸς
696 907 868 974 Ἀντώνιον.
907 906 950 984 ὡς
967 908 999 972 δ’
1017 910 1128 988 ἐκεῖνος
1143 911 1198 976 οὔκ
1216 910 1276 997 ἔφη

167 1014 370 1089 σπείσασθαι,
389 1015 415 1076 εί
430 1012 474 1094 μὴ
492 1010 547 1089 τάς
560 1038 592 1077 τε
609 1018 685 1089 ναῦς
696 1014 748 1077 καί
761 1012 817 1094 τὴν
830 1010 938 1092 λοιπὴν
951 1011 1049 1076 αὐτοῦ
1061 1010 1277 1097 παραλήψοιτο

140 1170 144 1180 ,
168 1110 308 1196 δύναμιν,
334 1112 373 1177 τά
395 1112 552 1200 βαράτερα
575 1122 636 1179 τῶν
659 1120 773 1179 σκευῶν
798 1116 841 1189 εἷς
856 1114 914 1190 τὰς
931 1119 1005 1189 ναῦς
1021 1115 1165 1194 ἐμβαλών
1183 1114 1279 1192 αὐτάς

167 1242 199 1280 τε
218 1217 385 1281 κατέκαυσε
402 1219 453 1280 καί
470 1219 512 1291 εἰς
529 1216 583 1297 τὴν
599 1214 757 1308 μεσόγειαν
775 1214 908 1300 ώρμησε.
935 1219 986 1281 καὶ
1004 1216 1033 1281 oi
1050 1223 1106 1281 τοῦ
1118 1217 1279 1281 Ἀντωνίου
1302 1212 1308 1218 ’

167 1316 378 1396 ἐπιδιώξαντες
396 1319 489 1383 αὐτὸν
508 1319 676 1400 κατέλαβον
691 1322 743 1383 καλ
760 1316 943 1405 ἐζώγρησαν.
994 1318 1013 1385 δ
1036 1320 1151 1401 μαθών
1175 1316 1192 1384 ὃ
1211 1321 1281 1385 ’Av-

124 1434 161 1489 10
168 1420 276 1498 τώνιος
301 1420 397 1496 εὐθὺς
415 1422 471 1503 μὲν
488 1418 545 1483 ὑπ’
565 1421 657 1508 ὀργῆς
673 1422 821 1485 ἐπέστειλε
838 1426 1007 1503 κτανθῆναι
1025 1420 1128 1500 αὐτόν,
1153 1421 1281 1509 ὕστερον

169 1524 203 1588 δὲ
217 1526 442 1607 μεταμεληθεὶς
458 1522 575 1607 ἔγραψε
593 1529 734 1605 σωθῆναι
752 1519 854 1587 αὐτόν.
879 1528 935 1587 τοῦ
951 1515 1005 1587 οὗν
1022 1524 1164 1610 δευτέρου
1180 1550 1282 1611 γραμ-

166 1622 349 1711 ματοφόρου
377 1624 431 1691 τὸν
458 1630 579 1711 πρώτον
605 1623 866 1711 προφθάσαντος,
901 1623 1028 1709 ὕστερον
1057 1626 1098 1689 τά
1126 1629 1195 1712 περὶ
1226 1632 1283 1693 τοῦ

167 1733 276 1793 θανεῖν
292 1725 309 1792 ὃ
327 1729 462 1809 κατέχων
479 1728 572 1792 αὐτὸν
589 1724 809 1809 κομισάμενος,
835 1728 887 1789 καί
909 1725 931 1809 ἢ
953 1728 1082 1809 νομίσας
1097 1724 1194 1804 ὅντως
1210 1726 1321 1793 ded-s

169 1855 244 1915 τερα
268 1828 343 1894 εἶναι
365 1828 387 1912 ἢ
410 1829 535 1913 άγνοιαν
558 1836 614 1894 τοῦ
637 1827 724 1905 ὄντος
744 1826 984 1916 ὑποκρινάμενος
990 1876 1001 1908 ,
1026 1829 1080 1895 τὸν
1096 1831 1208 1907 Σίξτον
1229 1831 1284 1897 τὸν

129 1944 163 1998 15
172 1929 337 2015 Πομπήϊον
351 1930 537 1996 ἐθανάτωσε.
1363 1996 1368 2002 ,

275 2036 340 2097 Καὶ
362 2042 406 2122 τῷ
429 2035 485 2117 μίν
507 2040 645 2099 τοιοῦτον
667 2031 702 2098 ‘cd
720 2034 806 2110 τίλας
821 2034 952 2117 ίγίνετο,
981 2035 1049 2121 (26)
1068 2033 1227 2112 Ἀπώνιος
1251 2037 1286 2102 δὲ

171 2136 225 2201 διά
241 2142 297 2202 τοῦ
314 2139 474 2203 Βεντιδίου
498 2136 571 2213 τοδς
587 2135 743 2223 Πάρθους
766 2138 910 2220 ἐνίκησεν.
962 2134 980 2201 ὅ
1003 2164 1036 2203 τε
1057 2137 1117 2225 γὰρ
1139 2138 1286 2220 βασιλεδς

144 2286 146 2291 ·
171 2240 290 2305 ίκείνων
306 2237 322 2304 ὅ
338 2240 487 2327 Πάκορος
504 2240 535 2304 ἔν
551 2244 595 2328 τῷ
612 2242 735 2327 πολίμῳ
752 2238 856 2317 ίπεσε,
882 2241 933 2304 καί
952 2240 981 2304 οἳ
996 2239 1154 2324 βάρβαροι
1176 2240 1205 2303 oi
1231 2240 1289 2319 μὲν
1362 2266 1366 2273 ·

173 2340 368 2423 ἓκτάνθησαν
386 2345 418 2408 ἰν
436 2348 475 2427 τῇ
490 2341 576 2427 μάχῃ
594 2342 623 2405 oi
641 2343 673 2405 δὲ
690 2342 814 2425 ἔφυγον,
839 2344 891 2404 καί
908 2341 965 2415 τὰς
980 2348 1036 2423 τῆς
1055 2343 1170 2423 Συρίας
1185 2337 1288 2417 πόλεις

130 2440 193 2507 2οὃ
211 2444 367 2517 Βεντίδιος
383 2440 565 2527 ὑπηγάγετο.
615 2438 680 2505 εἶτα
698 2441 777 2505 κατὰ
793 2448 849 2506 τοῦ
859 2439 1016 2520 Ἀντιόχου
1032 2448 1088 2504 τοῦ
1104 2448 1160 2523 τῆς
1177 2444 1290 2524 Κομα-

176 2548 271 2628 γηνῆς
293 2542 508 2622 βασιλεύοντος
531 2541 775 2629 ἐπεστράτευσεν.
827 2543 965 2605 ἐνταῦθα
989 2544 1022 2607 δὲ
1044 2540 1107 2608 ὄντι
1129 2541 1249 2627 ἀθρόον
1273 2542 1290 2611 d

172 2642 331 2722 Ἀντώνιος
353 2645 478 2723 ἐπιστὰς
502 2646 538 2711 οδ
562 2643 656 2727 μόνον
681 2648 730 2710 ἐπὶ
752 2652 818 2721 τοῖς
840 2642 1081 2731 κατορθώμασιν
1110 2647 1165 2730 οὐχ
1191 2645 1289 2732 ἥσθη,

245 2820 264 2875 δ
281 2816 314 2875 δὲ
331 2823 383 2876 add
400 2822 433 2877 A.
538 2817 660 2892 Aperui]
672 2814 747 2944 γετά
763 2820 816 2875 τοῦ
832 2822 864 2878 A.
970 2820 988 2875 8
1003 2815 1150 2889 μεσόγειαν
1166 2824 1212 2877 AB
1229 2825 1290 2894 Dio,

244 2888 387 2960 μεσόγειον
404 2893 472 2946 PW.
579 2894 613 2944 10
629 2886 671 2944 άτι
686 2893 770 2944 oreste
790 2893 820 2945 A.
925 2888 959 2942 13
975 2891 1095 2958 θανεῖν]
1116 2894 1220 2947 θανεῖν
1238 2891 1287 2947 αδ-

245 2955 296 3013 τδν
312 2962 346 3017 A.
452 2952 541 3029 ἢεδδ
560 2960 592 3018 A.
698 2960 732 3015 16
749 2957 808 3011 Καὶ
823 2956 865 3030 τῷ
881 2986 915 2998 -·
931 2952 1039 3027 ἐγένετο
1058 2978 1098 3013 om
1116 2963 1149 3015 A.

280 3064 412 3186 {granna
449 3064 517 3133 Cep.
536 3062 581 3117 26.
618 3060 716 3115 Dionia
732 3060 870 3116 Historiae
887 3060 1028 3115 Romanoa
1045 3060 1090 3117 tis.
1108 3060 1144 3117 49
1159 3079 1183 3117 ο.
1202 3062 1236 3117 19
1254 3090 1290 3102 -

247 3150 271 3189 o.
327 3166 336 3187 .

178 3298 251 3335 snam
271 3284 434 3351 promisisset
450 3286 473 3337 si
491 3304 564 3340 erma
580 3291 706 3357 poneret,
733 3283 827 3338 annuit
842 3281 891 3335 iiia
904 3280 1023 3351 quidem,
1040 3278 1087 3333 sed
1106 3298 1154 3333 nee
1172 3296 1292 3349 eaquae
1328 3335 1333 3343 ,

179 3352 336 3421 promiserat
351 3356 496 3421 praestitit,
516 3363 545 3408 et
563 3359 644 3407 rebus
661 3355 783 3423 gerendis
801 3366 886 3419 aequa
903 3357 932 3402 ut
950 3351 1022 3419 prins
1041 3350 1161 3402 intentus
1179 3365 1228 3418 per
1245 3365 1291 3402 cs·

179 3423 336 3473 detentores
359 3423 513 3476 Parthorum
539 3425 680 3477 amicitiam
707 3423 793 3493 petiit.
828 3419 876 3472 sed
900 3436 957 3471 eam
981 3419 1112 3471 Antonius
1132 3418 1171 3471 M.
1189 3416 1293 3471 Titium

180 3506 238 3542 cnm
257 3486 340 3541 classe
359 3499 524 3544 contraeunt
544 3493 671 3557 misisset,
690 3492 802 3544 territus
819 3502 868 3557 per
882 3486 986 3555 legatos
1004 3488 1037 3538 ab
1056 3484 1170 3537 Antonio
1189 3486 1293 3541 veniam

180 3558 279 3617 orarit.
315 3558 359 3627 qni
385 3577 441 3612 cum
465 3579 554 3630 paoem
574 3563 751 3614 detrectasset
770 3556 819 3609 nisi
838 3573 920 3609 naves
938 3556 995 3608 eius
1012 3562 1185 3636 caeterasque
1201 3553 1293 3624 copias

180 3628 344 3697 accepisset,
368 3627 559 3696 impedimentis
574 3630 744 3700 gravioribus
761 3627 790 3678 in
807 3642 889 3678 naves
906 3624 1035 3677 coniectis
1053 3631 1081 3675 et
1097 3623 1162 3691 ipsis
1179 3626 1293 3679 navibus

180 3696 304 3749 crematis
330 3696 357 3747 in
384 3698 575 3752 mediterranea
598 3718 626 3752 se
650 3696 770 3752 eontulit.
808 3702 941 3746 caeterum
964 3690 1119 3745 Antonionis
1145 3693 1293 3762 persecutis

180 3766 259 3817 vivus
277 3765 305 3816 in
325 3771 481 3833 potestatem
498 3785 586 3821 eorum
605 3768 686 3821 venit.
723 3780 781 3819 eum
798 3762 928 3815 Antonine
944 3762 987 3813 ira
1003 3762 1121 3830 percitus
1138 3762 1227 3815 statim
1264 3778 1295 3815 er

180 3835 283 3887 iitteras
301 3832 403 3897 occidi,
430 3844 490 3917 post
512 3844 611 3890 mntota
636 3834 769 3890 sententia
787 3832 938 3883 conservari
963 3830 1050 3883 iussit.
1086 3830 1132 3882 sed
1151 3848 1207 3883 oum
1226 3782 1295 3885 aiter
1374 3827 1377 3834 ’

181 3902 336 3955 tabellarius
356 3902 439 3970 priori
457 3908 660 3973 antevenisset,
679 3906 702 3955 is
720 3903 764 3972 qni
782 3917 840 3952 enm
858 3905 979 3968 ceperat,
996 3899 1102 3952 litteras
1121 3900 1154 3951 de
1173 3916 1205 3951 eo
1223 3900 1295 3952 occi·

182 3972 267 4024 dendo
292 3970 426 4040 posterius
450 3982 569 4042 acceptas
595 3992 644 4027 sen
667 3988 732 4025 vere
756 3970 917 4041 posteriores
934 3985 995 4022 esse
1010 3975 1086 4021 ratus
1104 3984 1153 4021 seu
1169 3968 1294 4023 veritatis

180 4041 331 4111 ignorantis
348 4039 478 4105 simulata,
496 4043 605 4096 Sextum
622 4042 774 4109 Pompeium
791 4037 905 4092 necavit.

284 4108 328 4161 λδ.
358 4108 400 4159 iio
419 4108 488 4160 huno
505 4112 602 4164 exitum
621 4112 716 4164 sortito
728 4106 859 4162 Antonios
871 4122 920 4175 per
930 4102 1083 4157 Ventidium
1093 4102 1205 4156 Parthos
1217 4100 1295 4182 vicit.

183 4190 242 4228 nam
260 4185 287 4229 et
304 4192 351 4230 rex
370 4194 459 4231 eorum
477 4178 592 4233 Pacorus
610 4180 635 4233 in
654 4182 724 4233 bello
743 4177 848 4241 cecidit,
866 4181 896 4227 et
913 4174 1035 4225 barbaris
1088 4173 1147 4224 stim
1158 4172 1185 4222 in
1197 4170 1296 4239 praeire

183 4245 267 4297 eaesis
285 4247 377 4314 partim
397 4247 498 4315 sugatis
517 4248 655 4302 Ventidius
673 4248 799 4313 Syriacas
817 4246 897 4298 nrbes
913 4241 1026 4323 rapepit.
1048 4240 1148 4323 ‘einds
1166 4237 1296 4291 Antiocho

184 4314 346 4380 comagenos
365 4318 423 4384 regi
449 4333 521 4369 arma
541 4317 640 4371 intulit.
677 4316 722 4369 ubi
738 4314 868 4369 Antonius
890 4328 924 4366 ax
945 4326 1087 4380 smpromso
1109 4324 1167 4363 enm
1183 4324 1216 4363 eo
1234 4324 1297 4360 eon-

200 4464 203 4473 Ι
237 4398 363 4455 Zonaras
380 4404 501 4456 Annales
517 4401 555 4457 ΙΙ.
1043 4402 1086 4466 25
