3134 4909
569 253 785 325 ANNALIUM
806 254 876 323 XII
901 252 953 326 lu
1240 252 1316 328 555·

207 428 310 495 όονίαν
328 425 480 510 είσίβαλε,
506 430 556 492 καὶ
579 427 747 514 πράγματα
773 428 841 513 ἴσχε
864 427 942 513 μήτε
958 425 1174 513 μαχησόμενος
1189 424 1265 512 μήτ’
1286 431 1317 495 ἐν

207 529 374 619 παρατάξει
391 531 534 614 πολίμιον
550 532 761 615 θεασάμενος,
788 532 858 597 ἀλλ’
876 530 1036 615 ὑλοτομών
1053 536 1103 597 καί
1120 531 1159 597 τά
1176 534 1314 619 μετέωρα
1330 537 1354 591 D

207 634 438 702 κατασκάπτων.
491 634 520 698 oi
544 636 579 699 δέ
602 636 697 701 αὐτοῦ
720 643 905 719 στρατιῶται
922 633 1114 719 σκιδνάμενοι
1131 633 1315 702 ἐκτιννώοντο

169 769 171 774 ’
206 736 486 820 ἐπιβουλευόμενοι,
500 741 564 803 ’καί
582 740 691 803 πολλαὶ
707 738 845 821 χιλιάδες
862 739 1028 805 ἀπώλοντο.
1074 740 1149 817 τίως
1166 742 1268 824 μέντοι
1286 741 1318 816 ἐς

181 839 372 927 ὁὸμολογίαν
388 842 460 918 τοὺς
475 842 668 922 Βρεττανοός
685 844 788 907 ἐλθεῖν
804 841 1024 927 κατηνάγκασε.

312 948 459 1031 Φροιτίσι
476 947 510 1008 δὲ
526 945 619 1011 odada
636 942 652 1011 ὁ
672 945 847 1023 Ἀντωνῖνος
870 944 886 1011 ὃ
910 946 977 1023 υἱός
1000 942 1176 1029 περιίβαλεν
1200 942 1316 1009 άκολά-

206 1072 286 1126 στως
308 1049 398 1131 βιυτλς
422 1051 472 1112 καὶ
492 1051 584 1130 δῆλος
600 1047 644 1114 ών
661 1052 687 1114 εί
705 1052 852 1133 δυνηθείη
869 1048 922 1115 τὸν
941 1049 1074 1137 ἀδελφὸν
1093 1045 1317 1131 διαχειρισάμε-

205 1178 268 1228 νος.
319 1155 371 1217 καὶ
398 1152 482 1238 αὐτῷ
507 1153 542 1217 δέ
566 1158 611 1239 τῷ
637 1156 730 1237 πατρὶ
757 1151 954 1234 ἐπεβούλευε,
976 1156 1026 1217 καῖ
1054 1148 1232 1238 ἐπεφώρατο
1259 1153 1315 1229 δίς.

206 1255 279 1320 ἀλλ’
299 1256 388 1321 odola
404 1254 502 1320 δεινὸν
517 1254 633 1320 ἐπαθεν
649 1252 665 1321 ὃ
680 1256 854 1333 Ἀντωνῖνος
869 1257 947 1341 πρὸς
962 1262 1018 1322 τοῦ
1034 1250 1167 1341 πατρός·
1186 1255 1317 1331 καλίσας

165 1361 242 1423 1οιλέ
264 1359 358 1425 αὐτόν
384 1361 436 1423 καί
458 1357 512 1423 τόν
532 1359 698 1424 Παπιανόν
718 1362 774 1423 καὶ
799 1360 852 1423 τόν
877 1357 1025 1444 Κάστορα
1050 1360 1174 1441 (δοῦλος
1192 1357 1223 1421 d’
1243 1350 1314 1440 ἦνὸ

206 1459 342 1546 Κάστωρ
360 1463 470 1541 odacri,
498 1459 623 1546 ἄριστος
639 1462 717 1547 ἀνὴρ
734 1466 786 1527 καί
803 1460 1012 1547 πιστότατος),
1030 1451 1089 1525 ’καὶ
1114 1462 1202 1548 ξίφος
1219 1463 1262 1536 εἰς
1277 1460 1312 1526 τό
1330 1470 1353 1524 Ρ
1369 1470 1384 1525 Ι
1400 1472 1453 1530 610

205 1565 300 1648 μέσον
324 1568 471 1648 θίμενος,
508 1564 567 1652 ἐφη
594 1560 672 1652 πρὸς
696 1564 750 1630 τὸν
775 1562 844 1630 υἱόν
864 1562 914 1631 ζἐί
940 1565 1116 1629 ἀποκτεῖναί
1138 1590 1177 1646 με
1204 1564 1315 1644 θέλεις,

205 1670 343 1734 ἐνταῦθά
361 1694 399 1750 με
424 1667 633 1752 κατάχρησαι,
659 1675 710 1734 καλ
726 1668 771 1752 μὴ
789 1667 911 1734 πάντων
926 1666 1085 1753 ὁρώντων·
1113 1669 1139 1731 εί
1165 1666 1196 1730 d'
1224 1666 1317 1733 αὐτό·

203 1796 272 1857 χειρ
288 1797 349 1854 μου
366 1771 508 1856 γενέσθαι
525 1773 637 1849 ὀκνεῖς,
660 1773 801 1837 κέλευσον
818 1770 945 1858 παρόντι
962 1774 1116 1858 Παπιανῷ
1132 1776 1177 1857 τῷ
1194 1768 1317 1860 ἐπάρχῳ

165 1879 257 1939 lotan
273 1900 313 1957 με
330 1872 542 1959 ἐξεργάσηται·
570 1876 682 1962 οὐγὰρ
700 1874 861 1958 ἀπειθήσει
880 1872 929 1941 σοι
946 1872 1147 1959 αὐτοκράτορι
1165 1872 1263 1939 όντι.”

303 1976 515 2043 Ἀποστώντων
535 1978 566 2043 d’
586 1971 680 2056 αὖθις
695 1985 757 2045 τών
773 1984 954 2066 Βρεττανῶν
970 1974 1147 2062 ἡτοιμάζετο
1165 1974 1208 2053 alc
1225 1982 1315 2042 πολε-

204 2078 314 2165 μήσων
331 2083 444 2159 αὐτοῖς.
496 2084 527 2148 ἐν
551 2084 585 2147 δέ
607 2089 650 2170 τῷ
673 2082 787 2162 μεταξὺ
811 2084 889 2147 κατὰ
907 2084 962 2166 τὴν
978 2090 1070 2165 νῆσον
1088 2078 1200 2165 διάγων
1218 2079 1317 2165 άπήλ-

207 2191 278 2262 λαξε
295 2192 403 2264 νοσῶν,
430 2186 553 2251 καὶτοῦ
573 2186 750 2251 ἰίντωνίνου
768 2184 809 2262 ὡς
827 2186 943 2269 λέγεται
961 2184 1222 2268 συνεργασαμένου
1240 2183 1318 2269 πρὸς

206 2295 307 2352 τοῦτο.
332 2292 404 2374 πρίν
421 2281 475 2352 οὖν
492 2290 668 2365 ἐκπνεῦσαι,
691 2286 781 2371 λόγος
799 2288 891 2353 αιἰτόν
908 2297 971 2363 τοῖς
989 2289 1091 2351 παισίν
1109 2289 1200 2351 εἰπεῖν
1215 2280 1317 2366 “cino-

165 2397 317 2466 2ονοεῖτε,
344 2389 416 2465 τοὺς
439 2386 628 2473 στρατιώτας
652 2392 835 2467 πλουτίζετε,
861 2396 922 2453 τών
945 2389 1046 2452 ἄλλων
1071 2387 1115 2471 μὴ
1140 2387 1354 2470 άμελεῒτε.”11
1458 2460 1462 2467 Ι

207 2483 281 2577 ἦρξε
298 2494 332 2557 δέ
349 2490 550 2557 ἑπτακαίδεκα
566 2490 617 2575 ἐτη
635 2494 685 2555 καὶ
702 2498 802 2575 μῆνας
819 2492 898 2557 ὀκτώ
915 2492 968 2579 ἐφ’
986 2488 1115 2575 ημέραις
1131 2494 1221 2576 τρισί,
1238 2488 1317 2575 flad—
1338 2540 1344 2547 -

276 2738 294 2788 λ
310 2730 339 2798 ἐς
351 2733 500 2803 ὁμολογίαν
511 2752 551 2788 om
563 2735 595 2790 Α.
664 2732 680 2790 7
698 2735 936 2805 διαχειρισάμενος
951 2738 984 2792 Α.
1054 2736 1072 2793 8
1088 2735 1239 2805 πεφώρακα
1258 2738 1315 2796 AC.

276 2807 312 2861 10
328 2800 492 2860 παππιοινόν
510 2806 548 2871 Β,
576 2801 754 2859 Παπινιανιλν
771 2807 931 2877 xiphilinus.
964 2801 1137 2860 “Hunsasdo
1160 2814 1215 2861 tros
1241 2802 1315 2859 mss”

273 2876 451 2929 Dncsscsos.
486 2870 637 2928 Παπιανιλν
654 2876 732 2930 etiam
753 2876 818 2929 Exc.
836 2878 924 2930 Vatic.
1030 2878 1064 2934 1³
1080 2874 1130 2930 καί
1145 2872 1183 2944 μὴ
1201 2873 1317 2929 πάντων

275 2938 407 3006 ἐρώντων
425 2961 466 2996 osu
484 2942 647 3013 xiphilinus.
751 2944 785 2999 16
803 2938 956 2999 α’ποστώντι
973 2945 1006 3000 Α.
1100 2946 1136 2997 20
1152 2946 1207 2999 τῶν
1223 2940 1316 3001 σίλλων

274 3009 312 3081 μή
330 3006 465 3082 άμελεῖτε]
482 3013 634 3085 xiphilinus
651 3014 707 3067 τών
724 3007 816 3069 ἄλλων
831 3013 947 3069 πάντων
963 3018 1177 3083 καταφρονεῖτε.

204 3236 277 3287 iacta
302 3237 448 3302 occupatus
471 3234 523 3286 fuit
547 3251 600 3286 noa
625 3235 766 3318 pugnando
784 3234 967 3305 (nequeenim
986 3233 1104 3287 hostilem
1122 3234 1204 3286 acient
1222 3234 1315 3303 vidit),

206 3303 253 3357 sed
271 3303 436 3355 succidendis
453 3302 529 3353 silvis
546 3310 575 3355 et
590 3306 723 3358 montibus
741 3303 944 3375 complanandis.
981 3306 1037 3359 aius
1060 3320 1123 3357 vero
1149 3304 1243 3357 milites
1269 3323 1317 3374 pa-

204 3371 290 3426 lantes
320 3388 369 3439 per
393 3370 501 3423 insidias
528 3372 732 3438 occidebantur,
761 3391 846 3442 eoque
870 3384 948 3445 pacto
972 3375 1054 3427 multa
1078 3373 1148 3426 milia
1170 3374 1316 3444 perierunt.
1353 3404 1357 3415 ·

204 3451 291 3497 nmen
309 3440 449 3493 Britannos
466 3438 501 3493 sd
516 3440 674 3494 deditionem
692 3444 826 3511 compulit.

307 3543 433 3596 Antonini
450 3550 535 3597 autem
552 3543 599 3597 filii
616 3544 691 3596 laxas
710 3551 738 3596 et
757 3543 939 3613 immodestia,
964 3562 995 3597 ss
1017 3544 1141 3614 fratrem,
1167 3545 1190 3597 si
1216 3551 1316 3616 posset,

204 3612 351 3667 occisarum
369 3614 436 3667 haud
456 3613 652 3682 dissimulantis,
670 3614 870 3667 sollicitudinem
889 3616 915 3666 ei
932 3614 1033 3667 attulit.
1070 3616 1132 3684 quin
1149 3616 1219 3684 patri
1238 3616 1316 3668 etiam

205 3684 346 3750 insidians,
371 3683 413 3736 bis
436 3684 631 3753 deprehensns,
653 3684 790 3753 graviores
812 3698 912 3753 poenas
930 3700 981 3735 non
1000 3684 1084 3737 dedit.
1118 3702 1177 3737 nam
1196 3685 1317 3754 patarei

205 3752 325 3821 Papiano
344 3759 373 3806 et
388 3752 501 3807 Gustare
518 3754 699 3823 praesentibus
722 3755 796 3821 (erat
821 3762 909 3806 autem
932 3753 1031 3806 Castor
1054 3770 1147 3807 servus
1172 3754 1245 3821 eius,
1272 3756 1317 3808 vir
1449 3818 1457 3825 ,

205 3822 319 3891 optimus
337 3830 364 3875 et
381 3823 577 3891 integerrimus)
599 3840 660 3876 ense
678 3823 706 3875 in
723 3822 832 3875 medinm
851 3822 939 3893 posito
955 3824 1016 3875 illud
1035 3824 1165 3877 duntairat
1186 3824 1253 3877 dixit
1272 3821 1316 3877 “si
1390 3856 1393 3863 -

206 3910 248 3975 ν
266 3890 1317 4015 ν··ἐκκαίειν,κεῖνοικλωνία,νάιοι,ἰ

206 3968 418 4099 llllrlllffualo·
436 4046 521 4097 noque
539 4029 607 4081 eain
624 3982 759 4098 tibi,¹cuui
774 4031 812 4083 sis
820 3980 985 4100 1insperatcllr,
998 3982 1056 4084 lucin
1074 3982 1206 4103 parelio?
1288 3981 1300 4015 ι

309 4132 376 4185 can
393 4130 516 4183 Britanni
533 4131 707 4200 deiecissent,
723 4132 750 4185 ia
769 4133 829 4202 ipso
847 4133 911 4185 belli
928 4140 1057 4202 apparatu
1074 4150 1107 4187 ex
1124 4135 1214 4186 morbo
1232 4133 1259 4187 in
1277 4134 1318 4187 iu-

206 4202 264 4254 sals
281 4201 411 4267 decessit,
427 4208 527 4265 morte,
545 4208 576 4254 ut
592 4202 685 4268 siunt,
702 4204 735 4255 ab
752 4202 887 4256 Antonino
906 4203 1063 4265 accelerata.
1099 4204 1145 4256 sed
1163 4204 1316 4275 priusquam

207 4271 372 4341 exspiraret,
395 4270 456 4325 alii·
479 4271 616 4327 mandasse
634 4273 722 4327 fertur
738 4280 770 4327 at
787 4271 931 4329 concordes
948 4282 1053 4343 essent,
1079 4272 1175 4328 milites
1192 4273 1316 4345 diluent,
