3134 4909
263 312 339 386 426
618 310 791 378 loturus
816 308 1014 377 zomata

365 486 428 551 Καί
453 482 470 549 ὃ
493 482 549 567 μέν
572 479 704 566 πόλεμος
726 474 816 560 οὗτος
830 488 921 547 ταῦτα
937 480 1044 564 ἐσχηκε
1060 478 1165 558 τέλος,
1190 476 1224 542 ἐκ
1239 478 1272 543 δέ
1289 480 1321 542 Γ
1316 506 1371 567 ερ-

223 589 376 673 Βμσινίας
400 588 522 674 ἀγγελία
548 594 731 670 κομισθεῖσα
757 584 901 669 ἑορτάσαι
926 585 967 651 τά
994 581 1152 669 νικητήρια
1177 581 1251 658 τούς
1274 584 1305 647 ἐν
1330 591 1370 671 τῇ

260 691 362 779 Ῥώμῃ
376 691 533 758 ἐκώλυσεν.
559 692 591 756 ἐν
606 690 666 777 γὰρ
682 698 720 777 τῇ
733 692 864 776 Κελτικῇ
881 686 961 773 είχσν
976 687 1071 770 αὐτῆς
1087 711 1156 752 τινα
1172 686 1202 749 αἱ
1214 683 1370 770 Ῥωμαῖαι,

263 796 323 879 αύχ
337 795 416 879 inponi
434 796 610 881 συγκείμενα
627 795 707 859 ἀλλὰ
724 790 885 879 σποράδην
899 789 942 869 ὡς
958 790 1043 874 έτυχε
1066 792 1268 873 χειρωθέντα
1318 793 1371 855 καλ

264 904 447 987 στρατιῶται
463 891 541 983 ἦσαν
558 900 634 976 ἐκεῖ,
667 899 717 961 καί
736 896 837 974 πόλεις
853 898 1061 983 συνῳκίζοντο,
1086 896 1137 958 καί
1161 894 1190 957 oi
1212 892 1397 980 ssdpssupors

264 1003 341 1090 πρός
357 1001 415 1087 tuq
428 999 582 1085 Ῥωμαϊκά
600 1004 650 1066 καί
668 1000 831 1083 εὐκοσμίαν
846 1000 1132 1085 μετερρυδμίζσντα.
1170 997 1228 1073 icoc
1242 998 1299 1083 μὲν
1315 988 1371 1063 σύν

263 1106 341 1171 κατὰ
357 1106 460 1191 βραχύ
477 1108 527 1170 καὶ
545 1101 608 1193 ὁδῷ
625 1129 681 1169 τινι
699 1107 732 1170 ἐκ
748 1111 810 1169 τῶν
825 1105 961 1187 πατρίων
972 1100 1147 1185 μιτὴγαντσ,
1164 1098 1220 1165 σύκ
1231 1099 1369 1183 ἤχθοντο

262 1215 302 1296 τῇ
325 1216 381 1275 τού
403 1212 474 1291 βίου
498 1212 672 1294 μεταβολῇ·
699 1209 761 1272 ἐπεὶ
778 1207 813 1271 δ’
833 1204 851 1273 ό
873 1205 996 1291 Οὔαρος
1012 1202 1028 1268 ὃ
1048 1206 1208 1280 Κυντίλιας
1224 1204 1283 1287 τὴν
1296 1200 1369 1288 ἥγε·

262 1314 371 1395 μανίαν
387 1319 442 1395 τῆς
458 1313 630 1396 Γερμανίας
654 1310 759 1393 λαβιδν
781 1310 926 1377 ἐσπευαεν
947 1309 1059 1385 αύτούς
1082 1304 1200 1392 άβρόαν
1215 1313 1371 1391 μεταστῆ-

263 1440 335 1494 σαι,
361 1418 412 1479 καί
436 1412 478 1491 ὡς
502 1412 680 1479 δουλεύουσι
703 1414 808 1500 σφίσιν
830 1414 969 1479 ἐπέταττε
987 1414 1037 1476 καὶ
1050 1409 1197 1495 χρήματα
1212 1408 1411 1496 έπραπεν,10

128 1526 247 1581 eluta
264 1516 319 1583 σύκ
341 1517 513 1603 ἠνέσχοντο,
539 1518 618 1583 ἀλλὰ
644 1514 800 1601 δεξάμεναι
822 1517 875 1582 τόν
897 1515 1030 1599 Ούαρσν,
1055 1512 1099 1591 ὡς
1116 1514 1156 1579 τά
1178 1502 1368 1599 πρασταττό·

261 1648 339 1706 μενα
355 1620 548 1706 ποιήσοντες,
575 1619 681 1707 πόρρω
699 1629 754 1686 τοῦ
766 1617 874 1702 Ῥήνου
891 1617 1074 1703 προήγαγον,
1100 1620 1152 1683 καὶ
1168 1619 1265 1685 πίστιν
1281 1616 1367 1705 αὐτῷ

262 1726 415 1811 παρέσχον
431 1724 472 1799 ὡς
488 1728 539 1789 καὶ
557 1724 627 1789 άνευ
646 1731 840 1809 στρατιωτῶν
856 1720 1077 1798 δουλεύσαντες.
1122 1719 1139 1786 ὅ
1157 1722 1191 1785 δέ
1204 1716 1366 1797 πιστεύσας

263 1826 332 1891 σύτε
349 1826 389 1891 τά
407 1825 619 1912 στρατεύματα
636 1824 678 1902 ὡς
695 1828 726 1891 ἐν
742 1826 870 1917 πολεμία
888 1837 1003 1909 συνεῖχε
1018 1828 1080 1891 καί,
1094 1822 1206 1900 ἄλλους
1230 1824 1369 1905 ἀλλαχοῦ

114 1930 252 1987 W11169
266 1929 388 2013 ἐπεμπε.
438 1935 630 2015 θαρροῦντας
654 1922 707 1995 σύν
733 1928 829 1995 univoci
850 1932 902 1993 καὶ
925 1927 970 2011 μή
988 1954 1017 1993 τι
1034 1926 1131 1993 δεινδν
1146 1923 1411 2003 ύπαπτεύσντοςλδ

261 2032 491 2109 ἐπανίστανται,
526 2036 575 2097 καί
603 2033 831 2109 ἀποκτείναντες
854 2030 927 2121 τούς
952 2032 1039 2116 παρδ
1064 2033 1152 2118 σφίσι
1179 2029 1370 2118 στρατιώτας

261 2136 398 2219 ἐπῆλθον
422 2135 505 2224 αύτῷ
527 2137 559 2201 ἐν
582 2133 670 2211 ύλαις
693 2133 891 2217 δυσεκβάτοις
912 2134 975 2200 ὄντι
998 2135 1076 2215 μετὰ
1102 2141 1158 2216 τῆς
1181 2138 1250 2220 περί
1276 2132 1367 2199 αύτδν

260 2244 424 2326 στρατιᾶς,
449 2241 500 2305 καί
519 2236 644 2317 ἐξάπινα
668 2247 751 2325 σφοῖς
774 2238 827 2305 διὰ
851 2244 913 2303 τῶν
937 2235 1206 2319 λσχμωδεστάτων,
1231 2237 1366 2323 ἐμπειρσι

179 2342 182 2347 ’
260 2339 376 2408 τούτων
393 2340 494 2422 ὄντες,
520 2345 768 2428 περιεστοίχισαν.
820 2344 871 2406 καὶ
893 2346 1019 2407 πλεῖστα
1041 2342 1098 2422 μέν
1121 2344 1172 2405 καί
1195 2338 1369 2417 πλειστάκις

223 2453 245 2509 Β
263 2443 430 2525 ἐκάκωσαν,
447 2449 533 2523 τέλος
550 2448 659 2513 dicuin
675 2448 731 2529 μέν
742 2445 900 2529 Ῥωμαίων
915 2444 1134 2526 ἀποβαλόντων
1147 2443 1288 2524 πολλούς,
1303 2454 1411 2520 roim

261 2550 295 2613 δέ
310 2547 483 2637 βαρβάροις
501 2550 546 2615 dri
563 2551 810 2635 προστιθεμένων
826 2547 936 2635 ἐτέρων
952 2546 1114 2633 ὁμογενῶν,
1143 2547 1219 2640 ῥᾷον
1241 2549 1270 2614 oi
1288 2544 1366 2614 Ῥω-

260 2662 345 2733 μαῖαι
371 2650 568 2734 κυκλούμενοι
591 2650 789 2739 ἐφονεύοντο,
816 2651 894 2717 ὥστε
918 2655 968 2715 καὶ
994 2652 1048 2717 τδν
1073 2650 1196 2738 Ούαρσν
1218 2644 1270 2717 καί
1294 2652 1367 2728 τούς

330 2881 348 2937 6
365 2874 426 2964 ἥδγγ
444 2880 476 2931 Α.
558 2883 589 2933 il
609 2879 835 2949 προσταττόμενα
851 2883 898 2937 ΔΒ
915 2900 974 2935 cum
991 2881 1086 2949 Dione,
1102 2875 1280 2950 πραττόμενα
1297 2880 1366 2934 PW.

332 2952 364 3003 15
383 2967 434 3002 ουν
450 2950 473 3001 Α
491 2948 551 3019 Dio,
569 2944 600 3002 δ’
619 2951 686 3019 PW,
705 2969 745 3006 om
764 2953 796 3011 O.
900 2952 934 3007 21
950 2947 1091 3020 ὁμογενῶν
1108 2942 1211 3020 ἐτέρων
1228 2952 1262 3006 Α.

365 3158 437 3211 Badio
454 3158 494 3210 aic
511 3158 632 3211 coniecto
650 3158 755 3211 nuntius
773 3176 808 3210 ex
820 3158 961 3211 Germania
977 3158 1072 3210 aliatus
1090 3155 1198 3210 obstitit
1214 3174 1266 3226 quo
1283 3157 1367 3209 minua

259 3225 474 3296 triumpharetur.
509 3244 567 3296 paru
588 3228 614 3280 iu
635 3228 721 3281 Gallia
738 3228 873 3279 nouuuiiae
891 3228 948 3279 eiua
966 3238 1054 3296 ρει-τεο
1071 3228 1181 3279 Romani
1198 3234 1367 3295 occuparant,

259 3312 312 3348 uon
330 3298 419 3349 eodem
438 3296 503 3349 citae
520 3298 589 3365 Ιοσσ,
615 3298 661 3350 aed
684 3296 793 3367 aparaim
817 3314 865 3365 pro
886 3304 1005 3366 tempore
1030 3298 1163 3349 subactae.
1198 3305 1274 3348 erant
1290 3298 1318 3347 iu
1335 3312 1368 3348 ea

258 3365 389 3435 legiones,
408 3373 436 3419 et
452 3368 530 3419 urbae
548 3368 737 3431 condebantur,
758 3376 785 3418 et
806 3367 912 3419 barbari
930 3368 963 3418 ad
981 3366 1111 3418 Romanoa
1130 3382 1214 3417 morea
1232 3374 1261 3418 et
1278 3366 1365 3418 ciriti-

257 3442 338 3488 tatem
363 3436 578 3490 traducebantur.
615 3438 659 3505 qui
682 3438 741 3488 dum
768 3435 893 3505 paulatim
917 3442 946 3487 et
970 3438 1073 3487 ratione
1096 3436 1207 3503 quadarn
1230 3451 1246 3486 a
1270 3435 1365 3505 patriia

258 3504 384 3557 institutit
399 3508 586 3567 evocabuntur,
607 3506 677 3558 vitae
695 3506 862 3557 mutationem
880 3505 948 3557 haud
966 3505 1060 3572 iniquia
1078 3506 1170 3557 animia
1188 3504 1363 3572 patiebantur.

258 3573 303 3625 aad
323 3590 380 3625 cum
398 3575 542 3637 Quintiiiua
562 3576 646 3627 Varus
665 3576 824 3627 Germaniae
844 3574 1009 3643 praepositus
1035 3592 1081 3625 eoa
1103 3575 1191 3626 cubito
1211 3590 1244 3625 ac
1261 3574 1363 3643 penitae

258 3644 292 3694 ab
310 3640 457 3695 inveterata
475 3644 663 3697 cousuetudine
680 3644 794 3697 aveiiere
812 3646 1015 3712 aggrederetur,
1041 3644 1207 3711 superbeque
1232 3654 1261 3695 et
1284 3660 1364 3696 arare

258 3718 288 3762 ut
306 3711 441 3781 mancipiis
457 3712 635 3783 imperitaret,
661 3714 730 3765 ferre
747 3732 797 3765 uon
815 3722 973 3782 potuerunt,
990 3714 1036 3765 aed
1055 3728 1112 3765 autu
1130 3722 1276 3780 receptum,
1303 3724 1362 3764 tau-

257 3782 664 3918 2¹¹ttit¹tttitt¹ttt
666 3781 1168 3921 tt?{1:⁰0tltat,³¹iztt'‘t.tu'
1170 3781 1364 3903 tttdttt

257 3936 333 3989 agro,
351 3919 501 3972 coniunctos
518 3919 642 3985 haberet,
669 3930 696 3975 et
712 3922 776 3974 alios
796 3921 845 3973 εΙὶσ
864 3921 1021 3985 dimisisset,
1046 3936 1139 3972 semro
1156 3920 1202 3971 ἰΙία
1219 3938 1269 3973 uec
1285 3919 1365 3972 uitam

258 3987 401 4057 periculum
418 3998 549 4042 metuente
567 3998 736 4059 consurgunt,
754 4000 783 4042 et
800 3990 891 4043 σοσίεἰε
907 3990 952 4056 qui
970 3990 1039 4059 apud
1056 3990 1128 4059 ipeoe
1144 3997 1222 4042 eraut
1239 3989 1365 4043 militibus

258 4058 327 4112 idum
346 4076 403 4111 cum
422 4058 477 4112 cuia
494 4058 640 4127 legionibus
658 4061 684 4114 iu
703 4060 792 4113 densis
809 4066 838 4112 et
853 4060 986 4127 impeditis
1008 4059 1083 4112 silvia
1102 4068 1250 4112 vernantem
1267 4076 1301 4111 ex
1316 4057 1365 4111 im-

257 4128 366 4199 proviso
385 4146 433 4199 pro
451 4129 544 4180 notitia
556 4127 679 4195 locorum,
698 4146 751 4197 qua
769 4129 872 4180 minime
887 4130 994 4195 patebat
1011 4129 1108 4195 exitus,
1127 4129 1365 4194 circumvenerunt,

258 4215 289 4249 ac
307 4196 461 4269 saepissime
483 4198 615 4251 Romanoa
637 4199 771 4267 plurimum
796 4197 956 4251 afflixerunt.
991 4198 1035 4266 qui
1061 4214 1119 4250 cun
1142 4199 1247 4251 tandem
1271 4198 1365 4251 nutus

259 4283 364 4319 auorum
388 4266 551 4333 amisissent,
579 4269 698 4321 barbaria
723 4284 787 4322 vero
809 4266 920 4320 aubiude
941 4284 974 4319 ex
996 4267 1165 4337 popularibus
1188 4284 1273 4321 novae
1294 4267 1365 4319 eirea

259 4336 427 4403 accederent,
451 4337 554 4391 iaciiim
572 4336 727 4391 circumdati
744 4337 931 4391 caedebantur.
965 4335 1058 4407 itaqua
1075 4337 1158 4390 Varua
1185 4344 1213 4391 et
1228 4336 1365 4407 praecipui
