3134 4909
579 229 798 299 ANNALIUM
824 233 877 301 lx
902 239 936 301 6.
1240 247 1314 318 213

198 392 475 482 προσεποιήσαντο·
501 399 552 462 καλ
576 398 608 464 εί
625 425 658 484 γε
681 401 726 486 μὴ
744 402 917 490 Κορνήλιος
932 408 1129 492 Δολοβέλλας
1141 419 1315 502 στρατηγὸς
1331 434 1353 486 B

197 497 377 580 ἐπελήλυθε,
402 504 505 565 πάσαν
521 500 578 586 τὴν
595 505 736 570 Σικελίαν
752 505 951 595 ἐχειρώσαντο
969 510 1017 576 άν.

299 603 363 666 Καὶ
386 598 406 685 ἦ
431 600 545 687 Καπύη
570 606 603 670 δὲ
628 603 697 672 τότε
716 604 804 674 ’ἑάλω
828 613 912 698 παρὰ
926 610 1101 696 Ῥωμαίων,
1133 621 1232 685 καίτοι
1257 627 1314 688 τού

192 703 329 785 Ἀννίβου
347 706 378 780 ἐς
394 705 449 788 τὴν
459 702 585 792 Ῥῶμην
601 705 794 794 ὁρμήσαντος
806 712 854 778 ἵν’
874 715 935 781 ded
952 724 1007 800 τῆς
1023 716 1155 802 Καπύης
1169 723 1243 799 τούς
1253 749 1312 790 πο-

170 811 392 892 5λιορκούντας
415 807 510 892 αὐτὴν
534 808 656 898 ἀπάξη,
691 817 742 878 καί
768 815 822 879 διὰ
837 823 900 883 τῶν
916 821 1062 886 Λατίνων
1079 821 1243 901 ἐλάσαντος
1260 831 1313 892 καλ

194 908 273 994 πρὸς
295 908 348 974 τδν
373 911 499 998 Τίβεριν
523 911 669 991 ἐλθόντος
692 921 744 983 καλ
767 925 962 1004 πορθοῦντος
983 923 1023 988 ad
1044 925 1102 1010 πρδ
1120 931 1176 991 τού
1193 926 1311 1007 ἀστεος.

195 1013 224 1076 ol
248 1011 308 1098 γὰρ
329 1013 360 1076 ἐν
383 1021 421 1100 τῇ
434 1009 543 1102 Ῥῶμη
561 1016 767 1103 ἐφοβήθησαν
782 1023 856 1105 μέν,
881 1025 1076 1111 ἐψηφίσαντο
1094 1027 1128 1092 δέ
1140 1029 1194 1094 τάν
1210 1030 1311 1118 ἕτερον

193 1119 254 1180 τῶν
276 1111 402 1180 ύπάτων
426 1115 457 1180 ἐν
474 1115 590 1204 Καπύη
613 1130 731 1201 μείναε,
757 1123 811 1190 τδν
834 1125 869 1190 δ’
896 1127 998 1214 ἕτερον
1021 1127 1125 1206 αύτοῖς
1149 1133 1310 1214 ἐπαμῦναι.

194 1220 245 1282 καὶ
260 1213 417 1302 Κλαύδιος
427 1219 483 1301 μέν
500 1220 531 1285 ἐν
549 1227 588 1308 τῇ
601 1221 716 1309 Καπύη
729 1227 899 1311 κατέμεινεν
916 1231 1077 1319 (ἐτέτρωτο
1092 1230 1178 1319 γάρ),
1203 1232 1312 1300 Φλάκ-

152 1329 247 1397 1οκος
265 1320 298 1385 δέ
315 1320 392 1404 πρὸς
407 1321 465 1404 τὴν
476 1317 604 1408 Ῥῶμην
619 1323 763 1409 ἠπείχθη.
1324 1360 1348 1412 0
1458 1327 1464 1332 ’

297 1427 363 1488 Tei
380 1423 413 1488 δ’
434 1423 572 1506 Ἀννίβου
594 1423 651 1501 τάς
665 1451 699 1493 τε
716 1429 916 1515 καταδρομὰς
931 1432 963 1496 ἐν
977 1441 1041 1510 τοῖς
1055 1432 1234 1523 ὀφθαλμοῖς
1252 1439 1310 1504 αύ-

190 1531 251 1590 τῶν
280 1523 325 1590 ἀεί
349 1527 532 1608 πατουμένου
557 1528 731 1593 καὶπολλὰ
759 1531 844 1596 δεινά
867 1535 1019 1619 δρῶντος,
1060 1537 1114 1601 τδν
1137 1540 1193 1620 μέν
1216 1538 1310 1605 ἀλλον

187 1625 301 1715 χρόνον
322 1627 449 1712 ἠγάπων
473 1631 500 1694 εί
522 1627 562 1695 τά
578 1655 612 1716 γε
629 1631 714 1708 ἐντὸς
729 1637 792 1712 τῶν
807 1640 915 1717 τειχῶν
931 1633 1151 1722 περισῶσαιντο
1159 1686 1170 1719 ,
1195 1642 1259 1705 ἐπεὶ
1276 1643 1311 1707 δέ

191 1733 242 1794 καλ
259 1737 297 1816 τῇ
313 1728 399 1794 πόλει
415 1733 466 1796 καί
484 1741 548 1810 τοῖς
560 1735 778 1820 στρατοπέδοις
790 1733 858 1818 ἅμα
869 1743 1056 1821 προσβαλεῖν
1067 1738 1200 1822 έμελλεν,
1217 1743 1309 1831 ἀνερ-

150 1833 335 1920 Ιορίψαντο,
359 1831 395 1898 τδ
408 1839 464 1900 τού
481 1831 583 1920 λύγου,
611 1834 717 1918 κύβον,
742 1841 794 1902 καλ
811 1839 1024 1927 ἐπεξέδραμον.
1075 1846 1126 1909 καί
1142 1843 1308 1931 ἀκροβολι-

191 1936 322 2016 ζομένων
337 1934 398 2020 ἤδη
412 1938 528 2021 χειμῶν
545 1939 577 2018 ἐξ
594 1943 721 2027 αἰθρίας
737 1941 869 2019 ἐξαίσιος
883 1943 1032 2028 ἐπεγένετο
1044 1946 1121 2026 μετὰ
1135 1945 1307 2030 πνεύματος

189 2036 349 2122 ἀμηχάνου
373 2045 512 2125 βροντῶν
536 2065 567 2107 τε
592 2046 643 2108 καί
664 2041 801 2127 χαλάζης
824 2047 876 2109 καλ
899 2045 1083 2132 ἀστραπῶν,
1116 2046 1193 2115 εἵατ’
1211 2049 1309 2138 ἀμφω

189 2141 354 2226 ἀγαπητῶς
370 2139 412 2219 ῶς
428 2146 462 2208 ἐκ
479 2142 679 2229 συνθήματος
696 2147 863 2233 ἀναφυγεῖν
879 2145 955 2214 ὅθεν
978 2147 1136 2234 ὥρμησαν.
1187 2151 1258 2236 άρτι
1275 2178 1307 2218 τε

188 2243 228 2308 τά
245 2243 326 2310 ὅπλα
344 2249 549 2326 κατετίθεντο,
575 2251 626 2313 καί
645 2251 755 2336 αλθρία
773 2251 898 2334 ἐγένετο.
949 2248 965 2315 ὃ
983 2258 1056 2335 γοῦν
1068 2253 1218 2332 Ἀννίβας,
1234 2255 1344 2322 καί-[ι

148 2357 237 2414 mter
262 2347 316 2410 ούκ
339 2347 426 2412 άθεελ
442 2347 640 2434 λογισάμενος
663 2352 749 2433 παρὰ
774 2352 829 2415 τὸν
852 2357 908 2433 τῆς
930 2351 1062 2418 συνόδου
1085 2353 1193 2437 καιρὸν
1221 2379 1309 2421 συνε-
1365 2429 1369 2435 ,

191 2452 338 2528 νεχθῆναι
362 2448 402 2511 τά
427 2449 587 2532 γεγονότα,
623 2447 707 2530 ὅμως
731 2450 786 2515 ούκ
805 2451 920 2534 ἀπέστη
942 2457 998 2534 τῆς
1014 2455 1206 2538 πολιορκίας,
1227 2455 1308 2521 ἀλλά

189 2551 240 2613 καλ
259 2539 354 2624 αὖθις
370 2551 447 2630 μετὰ
463 2557 554 2616 τούτο
571 2558 738 2634 συμβαλεῖν
755 2553 954 2641 ἐπεχείρησεν.
1003 2551 1046 2630 ῶς
1063 2557 1098 2620 δέ
1113 2558 1165 2620 καὶ
1181 2553 1250 2622 τάτε
1266 2559 1305 2624 τά

137 2755 141 2762 ’
257 2776 288 2829 ll
308 2770 395 2829 ἐνοια
413 2775 444 2832 Α.
487 2809 499 2832 .
550 2775 584 2830 lt
603 2774 651 2830 παλ
668 2775 742 2847 prino
760 2795 803 2832 ern
819 2777 852 2834 A.
949 2775 1133 2852 aereoli,
1150 2777 1220 2838 ἀθεῒ
1238 2783 1304 2837 PW.

255 2845 290 2900 22
307 2837 472 2914 ἐνεχείρισεν
484 2841 518 2896 Α.
623 2843 671 2899 καλ
688 2862 730 2898 orn
748 2849 781 2901 Α.

188 3063 247 3098 neae
265 3053 293 3098 et
309 3043 416 3115 praeliis
433 3043 535 3116 nliqdet
551 3047 670 3102 victorae
688 3047 811 3101 civitatee
828 3065 935 3118 queque
949 3049 1129 3118 subegerunt3
1147 3067 1178 3102 ae
1196 3051 1225 3104 ni
1236 3051 1304 3105 Cor-

187 3114 273 3170 neliae
290 3115 426 3168 Dolabella
442 3125 553 3186 praeter
568 3117 777 3187 nupervenlseet,
795 3124 877 3171 tetam
896 3117 1013 3169 Siciliam
1031 3117 1206 3184 enbegieeent.

290 3183 359 3236 'l'um
377 3184 469 3255 Capua
493 3201 602 3256 qnoque
625 3183 785 3238 nRemanie
810 3192 889 3254 eapte
913 3196 973 3250 eet,
1008 3201 1138 3254 nonqnern
1154 3186 1304 3240 Hannibale

188 3269 237 3321 per
254 3251 359 3304 Latium
380 3253 489 3307 Romam
510 3261 588 3306 eunte
606 3259 636 3306 ut
654 3271 699 3306 oea
716 3258 750 3307 ab
768 3254 826 3306 eine
844 3251 918 3307 urbia
934 3201 1073 3305 ebeiliene
1094 3251 1251 3321 repelleret,
1276 3261 1305 3307 et

187 3319 322 3387 nequead
344 3321 462 3376 Tiberim
488 3337 629 3392 progresso
657 3329 684 3374 et
708 3324 884 3376 suburbanum
908 3337 999 3390 agrum
1025 3328 1156 3375 vastante.
1192 3319 1303 3372 Romani

187 3397 285 3454 antem,
302 3391 421 3507 φαεωνὶε
438 3391 536 3458 territi,
554 3397 642 3442 tamen
663 3391 772 3444 alterum
793 3387 921 3442 eenenlem
940 3407 1046 3442 manere
1057 3389 1174 3455 Capuae,
1192 3386 1303 3470 elternrn

187 3460 278 3510 urbem
320 3459 441 3511 elendere
463 3459 607 3512 iusserunt.
649 3476 681 3512 ae
699 3458 825 3512 Claudiae
848 3459 959 3529 capuae
982 3457 1078 3510 mansit
1102 3455 1209 3523 (volone
1232 3471 1302 3510 eorm

186 3527 347 3595 occeperat),
366 3527 475 3581 Flaccos
494 3529 601 3580 Romam
619 3527 784 3597 properavit.

110 3585 120 3604 ‘
292 3593 430 3648 Caeterum
447 3597 595 3650 Hannibale
612 3595 780 3650 excursiones
797 3592 908 3646 subinde
929 3593 958 3643 in
975 3591 1059 3644 oeulis
1075 3591 1170 3644 civium
1187 3592 1302 3645 faciente

187 3669 216 3716 et
237 3663 320 3714 multa
345 3663 459 3718 crudelia
481 3667 600 3720 laeinera
624 3667 733 3729 edente,
760 3662 813 3717 alie
838 3668 955 3730 ιειαροιο
970 3662 1038 3713 entia
1053 3658 1201 3714 babnernnt
1217 3662 1301 3731 ipsam

187 3734 277 3786 nrbem
295 3731 383 3796 tueri3
399 3735 446 3786 ned
463 3753 519 3788 enm
540 3735 631 3788 eedem
648 3741 766 3803 ternpore
783 3729 856 3784 etin
873 3729 975 3783 neemia
993 3737 1021 3782 et
1034 3730 1063 3782 in
1080 3739 1166 3814 caetra
1177 3730 1301 3814 impetum

186 3803 306 3854 iacturas
324 3813 404 3868 esset,
421 3803 477 3856 alea
492 3804 573 3870 iacta,
590 3814 620 3856 nt
637 3804 721 3869 aiunt,
737 3807 917 3854 exonrrennnt.
952 3816 1009 3853 enm
1024 3803 1113 3851 entem
1130 3815 1181 3850 ram
1200 3815 1302 3852 enrrnne

187 3869 360 3935 dimicarent,
377 3871 506 3924 serenitas
524 3873 551 3924 in
568 3879 748 3938 tempestatem
765 3872 898 3938 ingentem
916 3884 973 3922 enm
992 3867 1097 3920 turbine
1114 3866 1241 3931 mulene,
1258 3879 1300 3918 te·

187 3938 317 4007 nitrlbne‚
341 3939 469 4022 grandine
487 3949 515 3993 et
536 3941 684 4010 inlgnribun
702 3948 745 3992 eet
761 3929 921 4003 cenveneag’
932 3945 962 3990 nt
983 3938 1058 3990 ambe
1076 3935 1209 3989 exercitae
1226 3936 1301 3988 velut

188 4025 220 4059 ex
239 4017 384 4077 eempeerto
409 4008 504 4076 cupide
526 4027 558 4062 ee
575 4011 730 4077 refugerent
749 4009 818 4061 ende
833 4013 971 4060 venerant.
1006 4006 1052 4059 vix
1069 4021 1140 4058 arma
1155 4007 1300 4074 peenerant

189 4093 245 4128 enm
268 4078 397 4130 serenitas
422 4075 511 4130 rediit.
545 4078 678 4130 Hannibal
698 4078 818 4148 quernei·
840 4076 886 4128 illa
909 4075 993 4145 ipsine
1019 4073 1298 4155 condietnatempere

190 4161 241 4196 nen
258 4145 315 4198 eine
333 4145 437 4200 nomine
451 4145 577 4198 accidisse
593 4149 709 4214 rebatur,
728 4155 814 4199 tamen
832 4146 866 4197 ab
883 4143 1022 4198 obsidione
1039 4160 1089 4194 oen
1106 4142 1225 4220 destitit:
1248 4137 1299 4219 μιδ

191 4229 249 4265 enm
266 4213 352 4268 denne
369 4213 515 4283 confligere
531 4213 702 4282 institnineet,
716 4216 859 4284 eademqne
876 4213 1034 4279 nocitor-ene,
1050 4210 1201 4280 pertimuit,
1219 4211 1298 4260 etnam
